3034 5050
682 504 817 553 CUM
866 508 1069 555 REBUS
1118 505 1412 554 PUBLlcls
1456 504 1973 555 CONJUNCTIONE.
2273 500 2353 556 23

301 634 734 732 requirimus
770 638 841 707 in
883 639 1194 737 antiquis
1226 637 1442 710 rebus
1488 636 1993 736 investigandis
2023 690 2048 728 ,
2083 654 2163 710 ut
2200 665 2361 738 quae

299 746 634 844 dispersae
669 765 738 821 et
765 748 1118 847 dissipatae
1153 751 1240 822 ad
1269 777 1398 823 nos
1427 749 1894 848 pervenerint
1921 752 2368 850 antiquitatis

300 860 657 959 reliquiae,
700 863 971 962 ingenii
1000 864 1330 936 acumine
1364 864 1555 935 inter
1592 887 1665 934 se
1701 878 2151 959 coaptentur,
2185 881 2258 936 et
2292 865 2366 936 in

299 971 683 1070 pristinam
715 976 938 1052 vitam
970 976 1466 1049 restituantur.
1499 975 1750 1074 Neque
1798 977 2045 1074 negari
2084 993 2320 1074 potest
2340 1030 2362 1064 ‚

302 1086 546 1158 omnia
573 1113 735 1186 quae
761 1088 877 1160 vir
896 1087 1412 1165 eruditissimus
1445 1088 1835 1186 protulerit
1860 1087 2134 1186 optime
2180 1090 2371 1162 inter

303 1224 374 1272 se
433 1199 788 1298 quadrare
842 1231 858 1271 ε
921 1202 1100 1300 quin
1156 1203 1401 1273 insunt
1459 1200 1835 1274 nonnullae
1892 1201 1966 1273 in
2010 1200 2367 1300 tragoedia

304 1328 545 1384 nostra
618 1315 1037 1403 sententiae,
1109 1312 1370 1412 quibus
1444 1313 1612 1386 huic
1677 1314 2109 1413 conjecturae
2181 1339 2366 1386 nova

307 1426 429 1495 lux
460 1424 732 1497 affandi
770 1424 1123 1498 videatur.
1162 1457 1196 1493 α
1231 1424 1432 1497 Nihil
1457 1426 1645 1498 valet
1677 1418 1913 1524 neque
1948 1428 2207 1516 turris,
2243 1452 2371 1499 ne-

303 1562 444 1636 que
483 1538 720 1626 naviS‚
753 1538 929 1610 viris
964 1565 1183 1611 vacua
1220 1539 1344 1637 qui
1387 1562 1548 1611 eam
1579 1538 1903 1612 incolant
1934 1569 1968 1606 »
2021 1543 2134 1636 (v.
2183 1539 2364 1636 56).

303 1646 570 1723 Nonne
632 1653 704 1723 in
752 1675 916 1722 eum
954 1651 1110 1725 haec
1138 1651 1325 1724 dicta
1374 1666 1583 1739 sunt,
1618 1650 1744 1750 qui
1783 1652 1861 1722 in
1895 1650 2121 1723 muris
2155 1650 2370 1722 navi-

305 1763 579 1862 busque
606 1788 860 1837 omnes
897 1763 1450 1836 Atheniensium
1487 1788 1644 1862 spes
1682 1764 2063 1836 collocatas
2098 1763 2363 1852 voluit,

303 1901 604 1975 eamque
664 1875 829 1948 iniit
889 1875 1063 1949 belli
1120 1875 1419 1975 gerendi
1475 1876 1863 1961 rationem,
1915 1901 2054 1973 qua
2109 1872 2371 1946 urbem

305 1988 560 2060 incolis
601 1987 889 2061 orbasse
923 1988 1153 2061 videri
1190 1986 1483 2086 posset?
1533 2018 1569 2057 «
1598 1987 1947 2085 Superbia
1980 2003 2369 2084 tyrannum

302 2101 561 2199 gignit.
612 2132 648 2170 »
685 2145 778 2156 --
821 2132 857 2170 «
884 2103 957 2172 Si
994 2103 1160 2200 'quis
1220 2101 1479 2198 impius
1527 2099 1793 2173 incedit
1842 2100 1958 2172 vel
2003 2126 2224 2171 manu
2256 2100 2370 2171 vel

308 2214 590 2308 lingua,
644 2214 961 2291 Poenam
1020 2237 1170 2284 non
1231 2239 1531 2303 curans,
1589 2238 1821 2311 neque
1874 2213 2114 2285 colens
2166 2212 2367 2310 signa

303 2325 642 2414 deorum,
684 2325 870 2398 mala
920 2327 994 2397 in
1047 2350 1213 2398 eum
1249 2325 1539 2397 invadat
1586 2327 1841 2425 pestiS,
1872 2326 1971 2400 ob
2010 2325 2366 2398 infelicem
2457 2406 2472 2411 -

305 2425 745 2538 superbiam.
783 2470 818 2507 »
859 2481 956 2495 —-
990 2469 1026 2508 «
1065 2438 1437 2539 Nusquam
1485 2440 1561 2510 in
1596 2438 1875 2512 honore
1911 2454 2018 2511 est
2047 2437 2316 2538 Apollo
2338 2491 2364 2524 ,

306 2555 682 2651 perierunt
708 2552 979 2625 divina.
1021 2582 1057 2620 »
1093 2554 1265 2625 Haec
1292 2577 1617 2651 quoque,
1657 2554 1714 2625 si
1766 2552 1964 2624 illam
2012 2552 2368 2651 conjectu-

307 2694 464 2737 ram
490 2665 752 2764 probes
766 2720 787 2755 ‚
820 2666 895 2736 in
922 2656 1273 2738 Periclem
1302 2690 1450 2737 non
1475 2681 1776 2764 possunt
1800 2691 1949 2739 non
1981 2664 2167 2737 dicta
2188 2689 2359 2737 esse.

305 2779 581 2873 Quibus
619 2778 893 2851 addidit
922 2777 1306 2852 Schoellius
1354 2793 1370 2817 ¹
1422 2777 1876 2851 Stesimbroti
1916 2778 2316 2850 Thasiensis
2337 2833 2360 2867 ,

307 2894 620 2966 hominis
670 2880 1086 2990 temporum
1139 2891 1435 2964 illorum
1494 2891 1829 2989 aequaliS‚
1871 2888 2363 2964 testimonium

307 3008 422 3079 vel.
480 3007 720 3103 potius
774 3006 1255 3093 calumniam,
1309 3030 1448 3102 qua
1511 3003 1808 3075 Periclis
1858 3030 2022 3075 cum
2075 3002 2366 3100 OEdipo

306 3119 700 3191 similitudo
744 3119 1012 3191 mirum
1039 3119 1115 3190 in
1143 3116 1444 3190 modum
1473 3114 1882 3216 adaugetur.
1924 3115 2148 3213 (Plut.
2189 3116 2360 3185 Per.

315 3237 448 3322 13,
497 3235 650 3331 36).
693 3235 797 3304 Ita
841 3223 1037 3305 enim
1080 3229 1411 3303 ferebant
1461 3228 1685 3302 invidi
1729 3230 2185 3325 optimatium
2236 3252 2368 3298 ru-

307 3371 595 3435 moreS‚
648 3374 814 3419 cum
859 3345 987 3416 filii
1017 3343 1424 3443 Xanthippi
1474 3368 1699 3416 uxore
1754 3368 1910 3416 rem
1943 3359 2218 3440 patrem
2250 3339 2369 3411 ha·-

303 3461 566 3532 huisse.
627 3459 788 3552 Quo
823 3459 1128 3531 efficitur
1173 3474 1252 3529 ut
1309 3482 1492 3555 pene
1535 3457 1718 3529 alte1
1770 3455 2094 3554 OEdipus
2158 3452 2369 3527 nobis

304 3571 557 3646 evadat
586 3573 722 3644 Pe1
729 3573 954 3644 icles.

399 3846 575 3905 ¹.Ad
631 3846 880 3906 Schoell.
935 3845 1287 3929 Sophokles,
1310 3866 1433 3904 sem
1463 3844 1651 3905 Leben
1672 3843 1793 3903 und
1823 3845 1922 3902 W
1920 3843 2095 3908 zrlten
2109 3841 2368 3942 Franks

319 3942 530 4003 1842
506 3986 521 4018 ,
552 3966 613 4023 p.
653 3945 769 4004 169
792 3965 917 4024 sqq.
