3034 5050
669 483 805 532 CUM
852 484 1056 534 RBBUS
1107 484 1398 533 Pnssucts
1442 484 1956 535 CONJuNcrloNE.
2259 478 2336 536 41

283 614 474 713 apud
507 613 811 701 eundem
847 616 1073 702 ,salso
1109 618 1369 689 nuntio
1420 617 1711 715 decepta
1738 671 1757 705 ,
1821 617 1994 690 dum
2046 620 2344 692 fratrem

283 743 658 801 mortuum
705 754 851 801 esse
883 729 1255 826 opinatur,
1295 730 1386 802 ad
1438 731 1847 830 AEgisthum
1892 731 2348 807 obtruncan-

282 840 456 912 dum
483 842 924 941 seaccingit‚
969 841 1074 914 de·
1115 859 1346 916 matre
1386 843 1881 917 interficienda
1932 870 2023 919 ne
2074 847 2344 945 cogitat

281 952 604 1053 quidem.
646 956 1042 1028 Hominum
1094 956 1291 1028 enim
1326 982 1477 1030 non
1513 972 1670 1028 erat
1719 972 2000 1029 tantum
2054 973 2345 1058 tamque

282 1068 729 1142 horrendum
786 1070 1163 1142 consilium
1220 1071 1625 1167 suscipere,
1668 1069 1989 1143 divinam
2051 1073 2341 1170 sapien-

285 1184 452 1254 tiam
488 1181 575 1254 ad
614 1181 946 1256 humanae
978 1184 1278 1256 rationis
1308 1209 1806 1256 normamnon
1837 1184 2063 1282 exigit
2088 1203 2326 1282 poeta.

285 1294 499 1393 Apud
534 1295 952 1393 AEschylum
974 1298 1245 1396 pariter
1279 1322 1431 1371 non
1457 1323 1588 1370 suo
1620 1297 1930 1387 Oresta,
1963 1298 2084 1370 sed
2114 1299 2344 1398 Apol-

285 1410 450 1481 linis
477 1464 499 1496 ,
541 1410 843 1483 consilio
882 1412 1308 1509 impellitur,
1337 1426 1409 1482 et
1437 1435 1879 1510 quamquam
1915 1409 2203 1483 dubitat
2262 1414 2336 1485 in

284 1523 439 1621 ipso
490 1523 785 1596 vulnere
825 1524 1234 1613 inferendo,
1276 1542 1517 1622 postea
1559 1540 1798 1596 tamen
1842 1525 2143 1601 minime
2175 1551 2338 1598 eum

280 1637 594 1734 poenitet
628 1637 821 1709 facti.
863 1637 1200 1710 Attamen
1258 1663 1402 1710 non
1445 1636 1873 1734 simpliciter
1909 1638 2341 1736 comprobat

279 1749 653 1848 AEschylus
704 1751 1066 1850 Apollinis
1106 1751 1438 1849 oracula,
1482 1766 1560 1822 ut
1595 1750 1708 1849 pia
1752 1751 1868 1822 illa
1917 1776 2079 1850 quae
2129 1754 2341 1826 tacite

279 1862 520 1937 divina
554 1881 926 1938 reveretur
952 1863 1327 1963 Sophoclis
1365 1891 1563 1937 musa
1586 1919 1605 1953 ,
1647 1863 1767 1938 sed
1803 1863 2188 1938 audaciore
2216 1867 2340 1937 in-

279 1978 495 2074 genio
531 1976 835 2053 deorum
869 2004 943 2051 se
980 1980 1333 2052 immiscet
1375 1979 1733 2061 consiliis,
1772 1994 1844 2050 et
1869 1978 2341 2053 dissensiones

279 2092 514 2189 aperit
537 2091 1041 2189 Olympiorum
1074 2109 1147 2163 et
1192 2092 1691 2190 antiquiorum
1726 2091 2138 2165 numinum.
2182 2092 2341 2165 Eu-

280 2202 548 2303 ripides
598 2230 774 2278 vero
825 2205 1206 2277 stultitiam
1258 2204 1655 2302 exprobrat
1691 2203 2001 2279 deorum
2038 2207 2341 2304 popula-

278 2318 474 2390 rium
520 2319 1083 2416 sapientissimo,
1144 2343 1503 2418 quamque
1556 2320 1703 2416 ipse
1748 2319 1953 2416 parvi
1989 2320 2157 2391 iacit
2213 2345 2338 2393 re-

168 2450 171 2451 ’
279 2456 710 2529 sponsorum
764 2430 1288 2530 Delphicorum
1353 2432 1903 2519 auctoritatem,
1986 2456 2079 2503 ne
2152 2433 2340 2532 apud

277 2545 601 2618 Orestem
636 2546 928 2644 quidem
949 2563 1022 2619 et
1047 2546 1414 2619 Electram
1448 2560 1731 2617 tantum
1760 2543 2057 2619 valuisse
2084 2549 2337 2620 existi-

278 2675 455 2748 mat,
499 2685 663 2759 quae
696 2658 785 2748 ad
820 2658 1284 2757 parricidium
1316 2657 1887 2757 perpetrandum
1921 2661 2087 2731 satis
2111 2661 2341 2758 justus

283 2774 366 2844 iis
425 2789 604 2844 esset
664 2773 1017 2845 stimulus.
1087 2775 1333 2871 Itaque
1384 2772 1784 2845 accuratius
1827 2774 1885 2845 si
1950 2774 2341 2871 inspexeris

277 2885 746 2984 Euripideam
771 2886 1084 2959 fabulam
1102 2940 1121 2973 ,
1164 2901 1374 2984 teque
1405 2885 1876 2959 insinuaveris
1898 2887 1972 2958 in
2004 2911 2340 2984 persona-

279 3026 445 3072 rum
479 3000 803 3071 animum
825 3054 846 3087 ‚
888 2999 1156 3070 videbis
1186 2997 1509 3096 profecto
1532 2996 1620 3071 de
1644 2998 2007 3096 Apollinis
2041 3002 2338 3073 oraculo

278 3111 495 3184 verba
534 3112 686 3185 fieri
717 3138 885 3185 eum
907 3114 1218 3184 maxime
1248 3113 1321 3184 in
1360 3111 1580 3186 finem
1606 3165 1628 3200 ‚
1667 3126 1748 3183 ut
1780 3108 2090 3184 deorum
2115 3138 2337 3210 popu·

279 3227 541 3299 larium
559 3227 1122 3300 refellendorum
1146 3226 1592 3299 occasionem
1610 3225 2062 3297 nanciscatur
2084 3241 2292 3323 poeta
2310 3256 2332 3315 3

278 3364 524 3412 veram
545 3339 1089 3437 Clytemnestrae
1152 3338 1667 3416 interficiendae
1702 3365 1980 3411 causam
2023 3338 2336 3418 Electrae

278 3478 425 3525 esse
488 3452 737 3526 odium
794 3455 869 3525 in
925 3468 1236 3525 matrem
1279 3453 1985 3550 impotentissimum.
2046 3453 2336 3530 Electra

278 3567 477 3638 enim
523 3567 708 3664 apud
766 3567 1192 3665 Euripidem
1248 3567 1642 3666 (quantum
1706 3565 2068 3638 dissimilis
2126 3568 2245 3641 illa
2297 3597 2336 3642 a

278 3678 673 3777 Sophoclea
712 3681 1034 3779 virgine,
1078 3707 1240 3779 quae
1292 3680 1539 3752 animo
1589 3696 1694 3753 est
1747 3696 1821 3752 et
1869 3682 2093 3778 magis
2142 3683 2336 3755 virili

277 3792 671 3894 eodemque
741 3794 964 3893 magis
1025 3792 1423 3889 muliebri),
1486 3792 1812 3880 Electra,
1857 3793 1968 3864 vel
2011 3793 2336 3867 nondum

279 3907 548 3981 certior
570 3907 746 3985 facta
776 3906 864 3980 de
904 3907 1265 4010 Apollinis
1282 3907 1489 4007 jussis
1512 3961 1534 3995 ,
1566 3922 1876 3986 matrem
1907 3908 2135 3986 securi
2169 3934 2337 4017 per-
