3034 5050
676 498 760 554 20
1164 510 1247 555 1)ss
1294 509 1814 558 TRAGOEDIARUM
1862 509 2234 559 GRAECARUM

674 641 908 714 hostes
963 642 1240 712 evasuri
1290 658 1497 713 erant
1553 643 2005 714 infestissimi.
2074 644 2321 739 ltaque
2371 666 2597 740 quum
2653 640 2724 710 in

665 753 1122 852 Supplicibus
1147 753 1384 827 ¹foedus
1428 755 1621 828 inter
1647 756 1967 828 civitates
2016 754 2363 826 Minervae
2398 752 2730 851 auspiciis

659 868 1019 940 sanciatur
1040 923 1059 954 ,
1105 868 1652 942 Heraclidarum
1683 869 1774 940 ita
1808 868 2175 940 institutus
2202 883 2307 940 est
2333 866 2495 939 finis
2514 922 2533 953 ,
2575 892 2725 938 non

660 997 739 1051 ut
777 981 848 1051 in
884 995 1242 1051 aeternum
1279 979 1754 1054 confirmetur
1785 981 2117 1066 societaS‚
2176 978 2291 1051 sed
2350 996 2431 1050 ut
2468 980 2728 1050 imme-

657 1092 987 1166 moribus
1026 1095 1202 1164 tanti
1255 1092 1582 1165 beneficii
1630 1092 1986 1191 officiique
2021 1091 2269 1164 oblitis
2309 1092 2721 1191 gravissima

658 1206 1148 1304 praedicantur
1164 1205 1345 1276 mala
1357 1260 1373 1276 .
1392 1207 1565 1278 Haec
1581 1204 1914 1277 adversus
1925 1204 2503 1277 Lacedaemonios
2523 1204 2728 1276 nullo

660 1320 809 1391 sere
849 1335 1180 1416 tempore
1206 1343 1353 1391 non
1386 1334 1686 1416 possunt
1712 1318 1901 1415 dicta
1941 1344 2115 1392 esse.
2147 1316 2285 1390 Sed
2311 1318 2446 1389 alia
2485 1318 2730 1389 insunt

664 1431 831 1505 huic
852 1430 1123 1503 *sabulae
1151 1486 1171 1519 ,
1225 1456 1312 1504 ex
1349 1432 1612 1532 quibus
1650 1433 2050 1504 accuratius
2073 1430 2247 1529 quid
2280 1430 2369 1502 de
2404 1431 2730 1526 commis-

661 1546 883 1618 sionis
919 1561 1246 1643 tempore
1284 1546 1549 1618 elicias.
1593 1544 2002 1618 Heraclidas
2053 1546 2252 1616 enim
2287 1541 2720 1640 implacabili

662 1657 832 1730 odio
867 1661 1326 1757 persequitur
1358 1674 1573 1758 atque
1621 1656 1817 1731 bello
1874 1658 2323 1757 iniquissimo
2357 1655 2450 1728 ab
2489 1655 2724 1728 Athe-

663 1769 1032 1842 niensibus
1088 1772 1355 1867 repetit
1408 1769 1849 1868 Eurystheus
1907 1770 2249 1870 Argivus.
2302 1770 2454 1863 Qua
2513 1795 2727 1842 occa-

660 1883 862 1956 sione
910 1909 1074 1955 usus
1111 1899 1320 1980 poeta
1372 1910 1526 1956 non
1581 1885 1813 1957 solum
1873 1882 2291 1980 Eurysthei,
2354 1880 2551 1981 quod
2601 1881 2727 1952 ali-

661 2013 777 2070 ter
808 1996 960 2069 ficri
1005 2021 1153 2069 non
1203 2013 1511 2094 poterat,
1570 1996 1693 2069 sed
1726 1997 1941 2069 etiam
2001 1995 2469 2095 Argivorum,
2519 1995 2722 2094 quod

658 2109 962 2181 minime
996 2125 1152 2181 erat
1180 2110 1658 2182 necessarium
1681 2161 1700 2197 ,
1729 2135 1879 2183 non
1914 2135 2063 2182 uno
2091 2109 2255 2182 loco
2287 2108 2569 2181 notavit
2593 2109 2725 2179 im-

656 2220 1099 2324 probitatem
1120 2238 1192 2294 et
1216 2249 1469 2293 vanam
1491 2223 1907 2320 jactantiam
1932 2278 1952 2310 ,
1984 2221 2428 2320 Athenisque
2445 2221 2724 2295 bellum

659 2328 1014 2433 Argivum
1045 2333 1446 2407 timendum
1477 2357 1626 2431 esse
1660 2333 1947 2431 negavit
1973 2335 2002 2430 (
2021 2333 2125 2408 Cf.
2166 2360 2284 2406 vv.
2337 2337 2520 2423 284,
2575 2337 2721 2409 353

657 2473 792 2548 sqq
814 2500 834 2534 ,
875 2448 1047 2536 386,
1087 2438 1228 2522 493
1250 2500 1269 2533 ‚
1305 2447 1510 2545 231).
1545 2445 1671 2518 His
1704 2446 1879 2518 locis
1912 2461 2284 2544 permotus
2316 2446 2721 2522 Boeckhius

656 2560 771 2632 Ol.
806 2560 965 2654 XC.
1025 2564 1070 2634 3
1107 2576 1338 2633 actam
1391 2585 1539 2632 esse
1563 2548 1899 2632 ‘fabulam
1952 2562 2305 2659 conjecit,
2343 2586 2492 2660 quo
2525 2573 2718 2634 antio

654 2698 905 2772 pacem
927 2700 1090 2745 cum
1113 2672 1677 2748 Lacedaemoniis
1690 2675 2015 2750 fecerunt
2034 2674 2316 2774 Argivi.
2337 2674 2476 2766 Qui
2494 2701 2715 2773 quum

653 2812 850 2860 anno
883 2787 1286 2885 insequenti
1326 2788 1396 2856 in
1428 2787 1734 2885 gratiam
1763 2786 2114 2859 redierint
2139 2814 2303 2859 cum
2326 2786 2720 2859 Athenien-

655 2893 883 2987 sibus,
923 2914 1138 2997 atque
1172 2898 1477 2971 omnino
1525 2923 1829 2995 perraro
1869 2901 2275 2974 exstiterint
2309 2898 2718 2972 Athenien-

657 3015 843 3087 sium
885 3009 1164 3099 hostes,
1201 3011 1608 3083 firmissima
1644 3010 1931 3085 videtur
1973 3014 2236 3086 summi
2282 3014 2421 3085 viri
2463 3015 2713 3112 conje-

654 3146 887 3201 ctura.
919 3127 1171 3226 Neque
1201 3124 1534 3224 Pssugkio
1560 3140 1577 3168 ⁸
1607 3124 1930 3199 arbitror
1954 3183 1971 3213 ,
2023 3127 2148 3225 qui
2183 3142 2413 3198 cetera
2440 3127 2717 3222 optime

656 3241 1047 3339 disputavit
1076 3238 1166 3311 de
1194 3238 1326 3313 hac
1374 3237 1609 3310 ¹fabula
1637 3292 1657 3325 ,
1716 3238 1883 3310 satis
1902 3240 2163 3338 justam
2195 3238 2404 3315 ¹fuisse
2435 3264 2715 3314 causam

657 3384 787 3429 cur
809 3355 901 3428 ab
937 3355 1064 3428 illo
1096 3379 1294 3427 anno
1319 3351 1741 3425 discederet.
1781 3352 1965 3424 Nam
1992 3378 2155 3454 quae
2183 3352 2252 3423 in
2286 3351 2601 3450 Argivos
2617 3353 2718 3449 ja-

654 3471 949 3542 ciuntur
982 3466 1341 3551 convicia,
1379 3489 1663 3565 nequeo
1708 3465 1888 3538 mihi
1924 3464 2350 3563 persuadere
2377 3483 2415 3536 a
2442 3480 2712 3563 specta-

655 3581 935 3653 toribus
954 3579 1043 3651 de
1067 3578 1627 3650 Lacedaemoniis
1646 3579 1868 3675 accipi
1900 3580 2253 3675 potuisse3
2287 3603 2451 3675 quae
2478 3588 2714 3650 autem

654 3692 971 3766 moriens
1003 3690 1439 3787 Eurystheus
1485 3690 2042 3764 Atheniensibus
2076 3693 2505 3790 pollicetur,
2562 3718 2712 3764 non

711 3833 759 3875 ’¹
804 3837 1041 3898 Boeckh.
1083 3838 1125 3898 l.
1152 3837 1194 3893 l.
1229 3858 1290 3915 p.
1347 3838 1482 3897 190.
1532 3835 1774 3918 Pflugk,
1836 3838 1893 3895 in
1947 3838 2396 3897 Heraclidamm
2430 3838 2708 3908 editione,

657 3937 881 4009 Gustum,
918 3936 1075 3995 1830
1099 3979 1113 4008 ,
1139 3953 1377 4015 procem.
