3034 5050
671 520 807 567 CUI!
856 520 1061 568 Imeus
1108 518 1406 569 Punums
1451 519 1968 574 coNJnNe‘rmNE.
2339 521 2376 575 ’7

306 672 457 720 non
516 650 747 721 solum
797 674 916 722 eos
951 650 1380 749 quibuscum
1433 653 1779 739 vivimus,
1824 654 1939 727 sed
1990 657 2206 728 etiam
2260 683 2381 732 eos

308 761 429 858 qui
466 778 632 834 ante
668 791 798 836 nos
829 765 904 835 in
953 764 1198 836 eadem
1236 766 1525 837 civitate
1562 768 1782 839 vitam
1811 769 2167 867 degerunt
2192 825 2215 861 ‚
2243 796 2375 869 po·

308 889 444 946 test
467 875 728 948 fabulae
759 879 1092 950 tractatio
1130 878 1645 951 Atheniensem
1668 881 2025 978 quendam
2056 883 2375 956 colorem

308 988 403 1058 ita
439 991 748 1078 referre,
802 990 915 1062 vel
953 1008 1032 1062 ut
1078 990 1591 1086 detorqueat-ur
1632 990 1719 1062 ad
1754 1010 1987 1090 poetae
2037 1010 2322 1067 aetatem
2352 1051 2370 1083 ,

306 1101 533 1172 velut
579 1102 665 1175 ad
716 1119 1047 1175 veterum·
1095 1102 1639 1176 Atheniensium
1684 1105 1992 1202 gloriam
2044 1108 2377 1207 antiquas

308 1240 421 1287 res
469 1216 990 1290 accommodet.
1036 1218 1285 1290 Primo
1320 1217 1482 1290 loco
1508 1216 1830 1290 dicemus
1863 1218 1952 1290 de
1984 1220 2216 1292 altero
2242 1246 2377 1319 ge-

308 1352 526 1412 nere,
573 1328 772 1429 quod
815 1355 1041 1428 quum
1084 1331 1323 1402 minus
1387 1332 1599 1403 faciat
1643 1330 1728 1402 ad
1788 1347 2108 1403 nostram
2167 1359 2322 1405 rem
2349 1389 2369 1421 ‚

310 1439 630 1515 breviter
662 1442 750 1514 de
785 1468 871 1516 eo
913 1445 1276 1516 monuisse
1312 1446 1478 1516 satis
1514 1442 1963 1516 habebimus.

406 1556 488 1626 In
538 1556 871 1653 plurimis
904 1556 1279 1656 tragoediis
1340 1546 1452 1629 ita'
1485 1573 1805 1630 versatos
1860 1572 2007 1631 ess'e
2053 1559 2376 1633 videmus

309 1683 553 1765 poetas
580 1724 600 1757 ,
643 1686 725 1741 ut
750 1671 865 1742 vel
893 1687 1240 1768 augerent
1264 1670 1379 1742 vel
1406 1669 1767 1767 fingerent
1792 1698 1955 1771 quae
1987 1671 2075 1743 ad
2098 1672 2376 1770 mythi-

311 1807 468 1853 cam
518 1780 972 1855 Athenarum
1027 1782 1334 1880 gloriam
1399 1784 1857 1880 pertinerent
1879 1839 1900 1874 ,
1959 1786 2378 1861 minuerent

314 1911 553 1966 autem
605 1895 717 1966 vel
784 1895 1102 1967 celarent
1152 1920 1316 1994 quae
1364 1895 1677 1969 Athenis
1724 1918 1874 1969 non
1926 1899 2091 1970 satis
2141 1916 2375 1972 essent

248 2092 263 2099 -
309 2006 595 2080 decora.
637 2009 919 2108 Itaque,
961 2022 1138 2080 teste
1168 2007 1560 2081 Plutarcho
1597 2009 1864 2106 (Thes.
1912 2013 2050 2107 16)
2069 2066 2090 2101 ,
2125 2014 2375 2085 Minos

312 2121 670 2193 Cretensis
715 2145 996 2218 semper
1041 2120 1226 2191 male
1268 2120 1543 2192 audivit
1586 2137 1658 2193 et
1705 2123 2108 2220 increpatus
2150 2141 2254 2198 est
2297 2126 2372 2197 in

313 2233 573 2306 Atticis
601 2233 897 2305 theatris
918 2288 939 2322 ‚
969 2257 1207 2333 neque
1245 2233 1592 2307 Hesiodus
1627 2260 1793 2307 eum
1810 2238 2088 2335 juvavit
2127 2264 2373 2336 regem

313 2348 983 2445 praestantissimum
1008 2402 1027 2435 ,
1087 2373 1325 2448 neque
1369 2350 1727 2422 Homerus
1788 2352 1989 2424 ,Iovis
2056 2351 2371 2424 sodalem

313 2484 479 2535 eum
514 2460 880 2535 vocando:
919 2486 1063 2534 esse
1101 2463 1293 2534 enim
1328 2464 1826 2561 gravissimum
1855 2517 1875 2550 ‚
1908 2463 2112 2536 urbis
2143 2466 2376 2537 susci-

312 2600 483 2673 pere
504 2576 986 2661 inimicitiam,
1005 2601 1167 2673 quae
1185 2574 1510 2648 facundia
1528 2577 1797 2674 polleat
1817 2593 1888 2649 et
1903 2578 2369 2650 carminibuS.

311 2686 508 2759 Idem
523 2689 670 2759 sere
685 2686 942 2759 accidit
956 2688 1185 2759 Creon
1196 2689 1276 2775 ti,
1299 2688 1592 2789 OEdipi
1605 2714 1806 2761 causa
1823 2689 2095 2763 bellum
2115 2691 2376 2765 Atticae

316 2801 690 2889 inserenti3
724 2799 910 2873 idem
938 2800 1238 2887 Atridis,
1272 2804 1586 2898 Ajacem
1613 2803 2107 2892 Salaminium,
2138 2823 2379 2904 postu-

314 2941 518 2987 mum
552 2932 633 2987 ut
675 2916 767 2986 ita
795 2914 1029 2986 dicam
1062 2912 1578 2988 Atheniensem
1606 2972 1624 3003 ,
1679 2919 2038 3014 sepultura
2091 2921 2382 3016 privare

318 3028 793 3102 studentibus.
823 3028 1179 3100 Theseum
1222 3054 1396 3103 vero
1434 3056 1715 3127 semper
1756 3031 2077 3104 videmus
2112 3035 2376 3105 sortem
2447 3032 2454 3041 ¹

317 3161 390 3216 et
421 3144 963 3241 magnanimum
990 3196 1010 3229 ,
1049 3143 1480 3214 miserorum
1515 3160 1943 3239 patronum,
1990 3146 2378 3243 castigato-

321 3284 476 3329 rem
501 3254 1032 3354 improborum.
1057 3258 1309 3327 Cetera
1337 3271 1417 3326 ut
1440 3258 1747 3342 mittam,
1769 3258 2162 3357 Ηίρροζγιί
2179 3275 2384 3356 pater

319 3373 371 3443 si
403 3372 581 3442 alius
604 3386 778 3443 esset
808 3396 1021 3469 quam
1049 3368 1499 3442 Atheniensis
1521 3367 1731 3443 heros
1757 3427 1776 3464 ‚
1816 3372 2024 3444 aliter
2059 3371 2384 3444 arbitror

321 3483 746 3583 Euripidem
782 3499 1262 3555 tractaturum
1282 3483 1487 3555 fuisse
1512 3486 1661 3583 ejus
1686 3501 1922 3582 partes
1952 3514 1968 3555 ε
2000 3488 2388 3559 notavisset

323 3597 650 3696 profecto
697 3598 1016 3671 hominis
1077 3596 1578 3669 credulitatem
1630 3615 1701 3669 et
1752 3597 2195 3671 iracundiam
2225 3660 2245 3690 ,
2305 3615 2388 3672 ut

324 3712 496 3786 odio
533 3710 743 3784 nobis
773 3728 979 3800 esset,
1011 3712 1207 3809 cujus
1233 3736 1430 3782 nunc
1452 3736 1583 3783 nos
1614 3712 1931 3783 miseret.
1963 3711 2161 3786 Idem
2191 3712 2386 3813 quod

327 3826 398 3896 in
439 3825 810 3922 personis,
873 3826 1088 3897 etiam
1128 3825 1199 3895 in
1236 3822 1497 3896 sahulae
1546 3826 2068 3922 compositione
2119 3828 2385 3897 sactum

323 3962 469 4009 csse
529 3935 874 4011 videmus.
939 3941 1188 4036 Itaque
1236 3962 1463 4035 quum
1532 3938 1624 4007 ita
1689 3936 1867 4011 sama
1911 3938 2382 4029 obtinuisset,
