3034 5050
676 538 813 584 CUM
862 536 1065 585 REBUS
1114 537 1412 584 rumicis
1457 535 1971 585 CONJUNCTIONE.
2273 529 2350 585 2¹

297 665 387 737 ad
427 665 1003 740 Lacedaemonios
1037 667 1254 754 solos,
1291 666 1411 738 sed
1439 667 1655 738 etiam
1688 665 1775 738 ad
1813 667 2121 766 Argivos
2146 668 2364 765 perti-

299 804 473 852 nere
498 804 787 867 censeo,
815 781 1083 879 quippe
1111 781 1237 879 qui
1264 796 1337 853 et
1368 780 1500 878 ipsi
1524 778 1617 851 ab
1642 779 2036 853 Heraclidis
2068 779 2358 853 oriundi

296 909 553 965 essent.

287 1047 296 1054 ·
395 1007 517 1077 111.
575 1006 912 1104 Superest
953 1023 1035 1078 ut
1065 1005 1505 1084 dicamusde
1542 1007 1763 1079 tertio
1795 1004 2206 1078 fabularum
2242 1030 2362 1104 ge·

296 1145 471 1192 nere
491 1174 511 1208 ,
550 1146 714 1218 quae
748 1145 983 1218 neque
1015 1136 1379 1218 tempore,
1410 1145 1644 1220 neque
1662 1118 1914 1212 rebus,
1954 1118 2077 1193 sed
2109 1120 2359 1190 simili·

297 1231 548 1305 tudine
566 1231 874 1332 quadam
892 1232 980 1304 ad
995 1258 1272 1331 proesen
1280 1250 1423 1305 tem
1449 1258 1700 1305 rerum
1719 1248 1982 1306 statum
1991 1233 2359 1331 pertinere

294 1346 663 1418 dicuntur.
703 1347 845 1419 Fac
886 1346 1081 1419 enim
1129 1348 1224 1418 ita
1291 1371 1438 1419 esse
1499 1361 2011 1446 argumentum
2055 1372 2092 1416 a
2142 1361 2356 1442 poeta

298 1461 409 1530 vel
488 1461 798 1532 electum
883 1460 995 1532 vel
1083 1460 1615 1533 conformatum
1660 1514 1680 1548 ,
1754 1476 1834 1531 ut
1887 1459 2099 1532 tacita
2165 1483 2359 1556 quae·
2473 1546 2478 1555 ι

293 1572 458 1643 dam
496 1589 569 1645 et
605 1588 789 1646 tecta
840 1575 1009 1645 insit
1045 1600 1210 1646 cum
1260 1572 1601 1672 praesenti
1641 1573 1907 1646 civium
1943 1571 2359 1646 conditione

294 1687 738 1783 comparatio
761 1740 782 1773 ,
845 1701 920 1756 et
953 1701 1043 1758 ut
1083 1710 1560 1785 personarum
1619 1708 1859 1759 mores
1922 1687 2205 1784 sataque
2267 1683 2357 1755 ad

294 1799 708 1896 principum
724 1801 799 1872 in
821 1800 1108 1873 civitate
1123 1801 1447 1873 virorum
1461 1799 2009 1871 similitudinem
2027 1823 2354 1896 expressa

294 1911 458 1983 sint.
508 1913 672 1983 Jam
705 1912 1067 2010 duplicem
1124 1912 1418 1986 habebis
1461 1910 1837 2012 tragoediae
1875 1911 2305 1983 sententiam
2327 1965 2349 1999 ‚

291 2024 594 2096 alteram
646 2051 862 2124 quam
907 2026 1155 2098 sabula
1183 2029 1326 2126 ipsa
1361 2025 1745 2123 profitetur
1785 2040 1857 2095 et
1887 2050 2043 2121 prae
2067 2048 2140 2095 se
2166 2025 2348 2113 sert,

291 2138 596 2208 alteram
623 2165 844 2236 quam
874 2154 954 2208 tu
988 2136 1200 2210 addas
1222 2193 1244 2229 ,
1278 2141 1369 2210 ita
1403 2155 1674 2225 tamen,
1698 2153 1781 2209 ut
1799 2162 1950 2211 nou
1980 2135 2356 2229 addidisse,

291 2248 415 2321 sed
454 2250 887 2323 intellexisse
921 2265 1201 2322 tantum
1238 2250 1570 2323 videaris.
1600 2253 1804 2323 Hanc
1848 2251 2208 2322 rationem
2243 2251 2350 2322 in·

294 2363 660 2461 geniosam
703 2389 872 2436 sane
894 2418 914 2452 ,
961 2382 1034 2436 at
1065 2352 1271 2437 valde
1312 2365 1710 2456 lubricam,
1752 2365 2082 2437 certatim
2116 2388 2350 2461 nuper

296 2479 367 2547 in
425 2478 809 2551 Germania
861 2476 947 2551 ad
995 2495 1270 2551 veteres
1305 2477 1693 2578 tragoedias
1736 2474 2186 2576 explicandas
2215 2475 2351 2549 ad-

293 2590 688 2664 hibuerunt
740 2593 879 2664 viri
929 2591 1155 2665 docti.
1204 2583 1422 2665 Mitt'o
1453 2592 1744 2691 Reisigii
1793 2606 1864 2663 et
1906 2590 2348 2663 Lachmanni

290 2705 381 2776 de
413 2704 705 2804 OEdipo
741 2704 1063 2779 Colonen
1094 2720 1538 2791 commenta,
1576 2729 1894 2804 quorum
1943 2705 2065 2776 ille
2101 2704 2351 2775 simili-

295 2817 619 2890 tudinem
658 2818 1022 2918 indagavit
1064 2819 1253 2890 inter
1273 2816 1645 2915 OEdipum
1669 2834 1742 2889 et
1767 2817 2217 2906 PlataeenseS,
2256 2815 2351 2888 ab
2415 2893 2423 2899 ,

296 2931 856 3004 Atheniensibus
898 2934 973 3004 in
1018 2933 1426 3005 societatem
1475 2941 1841 3028 receptos,
1891 2957 1928 3002 a
1985 2928 2349 3002 Thebanis

298 3044 568 3116 insidiis
612 3047 1179 3126 circumventos,
1245 3044 1363 3116 hic
1420 3043 1772 3114 Periclem
1817 3058 1890 3114 et
1930 3041 2342 3136 OEdipum,

294 3167 552 3256 ἐναγεῖς,
586 3183 625 3230 e
646 3157 931 3230 civitate
965 3184 1113 3231 uon
1143 3156 1552 3258 ejiciendos,
1590 3157 1783 3227 inter
1809 3181 1880 3228 se
1913 3157 2339 3254 exaequavi-t.

296 3272 420 3342 llis
458 3272 677 3369 igitur
715 3271 1237 3368 praetermissis,
1265 3271 1507 3342 statim
1533 3293 1651 3341 me
1675 3287 2095 3342 convertam
2117 3269 2206 3340 ad
2219 3271 2348 3369 ju·-

292 3401 485 3454 stum
513 3400 586 3455 et
612 3383 1022 3457 absolutum
1050 3383 1255 3483 hujus
1283 3383 1584 3456 rationis
1608 3382 2046 3480 exemplum,
2080 3384 2348 3454 multa-

294 3522 459 3568 rum
495 3498 799 3568 aliarum
845 3499 1417 3597 conjecturarum
1450 3497 1733 3568 *sontem
1757 3511 1831 3568 et
1860 3495 2304 3593 principium
2324 3551 2344 3585 ,

294 3609 490 3708 quod
535 3611 918 3708 proposuit
949 3611 1088 3701 vir,
1130 3639 1167 3681 a
1200 3611 1397 3709 cujus
1441 3610 1791 3682 sententia
1844 3632 1997 3681 non
2040 3608 2352 3682 libenter

293 3723 617 3814 discedo,
669 3725 750 3796 C.
804 3724 887 3797 F.
948 3727 1407 3798 Hermannus
1462 3740 1510 3792 ¹.
1567 3722 1946 3794 Notissima
2000 3740 2142 3811 est,
2186 3751 2349 3821 quae

186 3921 207 3928 ,
300 3844 371 3914 in
402 3841 710 3941 OEdipo
734 3844 935 3940 Rege
974 3841 1261 3938 legitur,
1304 3837 1541 3910 morbi
1573 3853 1875 3934 propter
1909 3837 2051 3907 Laii
2086 3838 2348 3910 caedem

384 3998 400 4021 ¹
450 3986 524 4043 K.
556 3989 623 4047 F.
658 3989 958 4046 Hermann
984 4030 997 4056 ,
1039 3987 1078 4042 l.
1109 3986 1149 4042 l.
1188 4009 1241 4064 p.
1276 3987 1351 4042 27
1386 4005 1505 4062 sqq.
