3034 5050
658 488 691 544 3
703 487 738 542 6
1155 501 1239 547 DE
1287 500 1545 547 TRAGOE
1554 500 1812 547 numm
1860 498 2236 549 GRAECARUM

655 655 994 729 agnoscas
1015 685 1035 717 ,
1076 632 1349 705 ironice
1384 632 1620 703 locum
1651 632 1950 729 accipias
1983 656 2262 704 necesse
2288 648 2392 707 est
2412 647 2714 729 propter

656 770 732 819 ea
766 771 932 843 quae
988 760 1430 843 sequuntur:
1464 776 1499 814 «
1529 746 1614 816 In
1656 748 1893 843 parvis
1946 745 2160 817 rebus
2188 801 2210 833 ,
2251 747 2323 818 in
2351 748 2559 843 justis
2581 801 2603 833 ,
2638 747 2712 818 in

653 858 1040 933 contrariis
1098 889 1167 927 ».
1236 857 1334 931 At
1400 860 1705 931 minime
1759 884 2100 957 agnosco.
2160 859 2265 931 Ea
2315 860 2515 930 enim
2551 858 2718 931 huic

654 972 1032 1073 tragoediae
1066 976 1247 1046 inest
1302 976 1669 1072 sapientiae
1701 977 1905 1074 copia
1939 1030 1957 1061 ,
2001 992 2079 1047 ut
2122 976 2235 1048 vel
2271 974 2359 1046 ad
2392 1000 2555 1048 eum
2590 975 2714 1074 qui

653 1103 807 1159 tum
833 1104 985 1158 erat
1012 1086 1313 1161 Athenis
1350 1114 1600 1160 rernm
1616 1105 1907 1175 statum,
1934 1089 2046 1160 vel
2068 1088 2157 1160 ad
2192 1104 2565 1178 nostrum,
2598 1089 2712 1161 vel

654 1199 742 1271 ad
775 1201 996 1272 alium
1043 1201 1438 1299 quemlibet
1473 1202 1697 1272 multa
1741 1203 2028 1274 reseras.
2058 1203 2161 1274 Ita
2201 1229 2444 1273 rursus
2469 1203 2711 1279 omnia

651 1338 736 1384 ex
770 1338 1241 1411 personarum
1263 1331 1522 1390 ‚mente
1557 1313 1741 1388 dicta
1780 1332 1990 1401 sunt,
2022 1333 2103 1386 ut
2128 1341 2348 1411 pauca
2389 1314 2715 1388 invenias

651 1426 744 1499 ab
766 1427 968 1500 omni
1000 1444 1209 1527 parte
1242 1445 1315 1500 et
1349 1428 1675 1503 absolute
1702 1454 1865 1501 vera
1894 1483 1913 1515 ,
1960 1431 2271 1527 plurima
2300 1428 2559 1528 quibus
2580 1484 2602 1516 ,
2635 1445 2717 1501 ut

651 1543 950 1628 assolet,
990 1544 1142 1614 veri
1175 1569 1338 1640 pars
1392 1542 1688 1617 admista
1736 1545 1868 1632 sit3
1914 1561 2177 1643 utque,
2211 1560 2431 1641 prout
2482 1543 2655 1615 velis
2687 1600 2707 1630 ‚

650 1656 918 1753 eligere
946 1658 1168 1753 possis
1191 1682 1353 1755 quae
1390 1682 1528 1754 pro
1553 1658 1826 1730 Pericle
1858 1659 2088 1730 facere
2123 1657 2530 1746 videantur,
2575 1658 2714 1729 eli-

650 1793 819 1866 gere
852 1768 1113 1866 quibus
1169 1786 1420 1841 contra
1468 1770 1821 1843 Periclem
1869 1773 2117 1844 utaris,
2176 1771 2355 1843 Eam
2402 1770 2715 1870 denique

649 1881 884 1952 omnis
937 1880 1172 1952 sabula
1229 1880 1376 1953 edit
1412 1881 1923 1955 moderationis
1983 1885 2181 1982 quasi
2216 1909 2464 1955 vocem
2501 1901 2717 1983 atque

649 2010 1124 2091 praeceptum,
1155 2010 1234 2064 ut
1255 2020 1293 2065 a
1313 1995 1629 2092 partium
1651 1995 1889 2068 studio
1922 1997 2331 2094 longissime
2359 2013 2713 2069 remotam

649 2108 1005 2205 intelligas
1051 2124 1282 2205 poetae
1315 2125 1636 2197 mentem
1669 2134 1754 2181 ex
1796 2110 2054 2184 altiore
2102 2109 2411 2209 quadam
2444 2136 2605 2182 arce
2636 2112 2709 2182 in

648 2219 1029 2292 hominum
1095 2246 1207 2292 res
1255 2220 1647 2320 turbasque
1697 2221 2086 2319 despicere.
2154 2223 2329 2314 Quae
2394 2221 2710 2295 secundo

648 2333 1039 2431 Antigonae
1064 2333 1345 2405 cantico
1374 2334 1836 2406 celebrantur
1863 2334 2131 2432 ingenii
2169 2333 2462 2406 humani
2492 2360 2707 2432 egre-

649 2446 761 2545 gia
799 2445 1074 2520 indoles
1107 2463 1321 2545 atque
1351 2447 1635 2521 inventa
1662 2446 2050 2544 praeclara,
2091 2445 2270 2519 nihil
2312 2464 2549 2520 tamen
2590 2448 2710 2520 illa

647 2561 951 2633 valitura
976 2617 998 2649 ,
1046 2562 1177 2634 nisi
1206 2560 1617 2634 divinarum
1652 2587 1899 2634 rerum
1938 2560 2224 2636 accedat
2259 2565 2659 2636 reverentia
2684 2617 2705 2650 ‚

651 2666 829 2746 num
862 2672 1074 2747 hodie
1101 2674 1341 2746 minus
1363 2699 1531 2747 vera
1568 2691 1738 2748 sunt
1771 2701 1992 2773 quam
2043 2674 2420 2773 Sophoclis
2448 2672 2711 2749 aetate?

648 2786 843 2859 Nihil
894 2788 1091 2859 enim
1152 2805 1363 2885 poeta
1420 2787 1508 2859 de
1565 2789 2062 2885 sculptorum,
2097 2788 2663 2863 architectorum
2695 2845 2713 2875 ‚

648 2898 1258 2985 mechanicorum,
1292 2899 1446 2971 aliis
1472 2899 1776 2989 artibuS,
1806 2928 1970 3000 quae
1998 2903 2253 2975 eximia
2288 2919 2438 2974 turn
2464 2901 2723 2975 hahue-

649 3028 822 3084 runt
853 3013 1335 3100 incrementa3
1370 3039 1449 3086 ea
1480 3029 1758 3086 tantum
1789 3033 2146 3088 memorat
2164 3044 2325 3115 quae
2346 3016 2433 3087 ad
2461 3042 2709 3090 omnes

645 3127 792 3220 sere
855 3127 1224 3223 pertinent
1255 3143 1327 3199 et
1362 3137 1594 3199 terr'as
1652 3144 1723 3200 et
1782 3144 2024 3203 aetates
2048 3185 2070 3217 ,
2108 3133 2260 3228 agri
2303 3131 2651 3202 culturam
2684 3186 2703 3216 ‚

649 3238 953 3335 pecudes
981 3237 1287 3311 domitas
1319 3256 1391 3312 et
1420 3244 1930 3315 mansuefactas
1949 3298 1969 3331 ,
2004 3243 2324 3316 civitates
2346 3243 2666 3315 conditas
2687 3298 2706 3329 ,

645 3350 902 3424 domus
930 3367 1321 3425 exstructas
1341 3408 1362 3440 ‚
1402 3369 1482 3424 ut
1506 3353 1743 3427 videas
1766 3380 1934 3429 eum
1951 3355 2380 3444 descendere
2402 3358 2712 3429 noluisse

645 3463 735 3536 ad
778 3466 1100 3564 singula,
1141 3464 1258 3537 sed
1311 3468 1541 3565 capita
1601 3493 1844 3540 rerum
1908 3486 2228 3541 secutum
2274 3495 2405 3567 per
2464 3472 2705 3541 omnia

645 3580 900 3650 saecula
945 3579 1326 3650 valituram
1377 3579 1670 3652 humani
1711 3582 1978 3680 ingenii
2030 3581 2488 3654 delineavisse
2541 3583 2710 3655 ima·

644 3692 915 3790 ginem.
959 3693 1042 3762 In
1077 3691 1289 3791 Ajace
1310 3719 1473 3792 quae
1502 3695 1843 3792 leguntur
1878 3698 1904 3788 (
1931 3700 1997 3765 ν’.
2036 3697 2176 3768 154
2210 3696 2267 3792 ).
2305 3725 2341 3764 ι(
2371 3697 2452 3767 In
2480 3696 2711 3769 excel-

646 3829 758 3875 sos
791 3805 926 3875 tela
968 3831 1114 3878 non
1145 3806 1518 3905 jactaveris
1555 3808 1807 3896 irrita;
1854 3807 1941 3880 de
2002 3807 2394 3880 humilibus
2443 3811 2498 3879 si
2549 3812 2710 3910 quis

649 3918 809 3988 talia
842 3918 1202 4014 proferat,
1244 3919 1455 3991 fidem
1487 3946 1634 3993 non
1669 3921 1878 3992 saciat
1907 3951 1927 4008 3
1960 3937 2286 4018 potentes
2342 3922 2537 3994 enim
2592 3947 2708 3994 se-
