3034 5050
668 536 804 584 CUM
852 534 1057 583 RBBUS
1102 531 1398 581 PUBLICIS
1442 530 1951 580 CONJUNCTIONE.
2281 522 2360 577 39

309 667 402 739 ab
428 690 507 739 ea
541 668 824 764 penitus
859 664 1108 738 dividi.
1150 665 1446 761 Semper
1496 662 1693 734 enim
1747 660 1994 734 audire
2043 661 2221 733 mihi
2258 661 2365 732 vi·-

310 778 487 852 deor
514 795 803 877 poetam
824 833 844 866 ,
874 794 1141 851 nostrae
1175 777 1403 849 aetatis
1429 773 1903 872 scriptoribus
1936 774 2367 875 quibusdam

313 890 501 964 haud
523 891 976 981 dissimilem,
1013 893 1085 964 in
1118 889 1312 962 hunc
1338 886 1636 962 modum
1662 913 1827 960 cum
1850 888 2119 962 lectore
2148 889 2367 962 collo·

310 1020 655 1104 quentem
687 1035 705 1075 ε
742 1004 1008 1078 Nonne
1050 1002 1236 1075 bene
1296 1000 1452 1074 haec
1504 997 1840 1072 institui?
1876 1025 2120 1074 nonne
2172 1027 2371 1098 prae-

312 1119 587 1192 clarum
650 1136 757 1191 est
798 1117 936 1192 hoc
995 1118 1375 1190 inventum
1415 1112 1451 1185 Ρ
1487 1141 1683 1188 nunc
1734 1112 2080 1186 attendite
2131 1112 2362 1200 mihi,

312 1257 528 1332 quam
588 1231 844 1304 callide
898 1256 1178 1303 causam
1222 1228 1670 1327 desperatam
1715 1229 1853 1300 sim
1898 1225 2364 1316 defensurus3

313 1371 465 1418 non
517 1345 824 1419 omnino
867 1342 1022 1416 hoec
1055 1359 1224 1414 sunt
1264 1339 1352 1414 ad
1380 1340 1589 1440 hujus
1617 1365 1945 1439 personae
1974 1365 2215 1412 mores
2249 1366 2374 1412 ac-

315 1455 803 1543 commodata,
846 1481 939 1529 ne
974 1471 1175 1554 putes
1209 1453 1348 1528 hoc
1381 1479 1498 1526 me
1524 1454 1781 1554 fugisse
1808 1484 1831 1544 3
1866 1452 2200 1527 indecore
2223 1454 2374 1526 for-

315 1589 494 1644 tasse
534 1569 760 1643 videri
800 1570 1023 1668 possit
1045 1568 1374 1643 hocloco
1396 1568 1661 1640 mulier
1684 1567 1903 1641 verba
1936 1569 2167 1640 facere
2194 1620 2215 1653 ,
2248 1565 2371 1638 sed

314 1699 602 1783 reputes
627 1684 1014 1756 mulierum
1042 1682 1549 1779 impotentiam
1572 1681 1824 1777 (Herc.
1826 1677 1998 1778 fur.
2030 1705 2105 1750 v.
2147 1680 2360 1777 536);

316 1798 488 1870 trita
521 1812 626 1870 est
659 1796 814 1869 haec
856 1795 1109 1895 tragici
1142 1793 1318 1869 nodi
1360 1793 1786 1892 expediendi
1831 1794 2018 1866 ratio
2040 1846 2062 1882 ,
2100 1791 2223 1866 sed
2257 1793 2375 1864 vi-

315 1909 478 1983 dete
522 1935 696 1981 num
745 1911 919 1984 novi
961 1908 1137 2009 quid
1179 1925 1252 1982 et
1287 1907 1588 1981 inauditi
1639 1906 2039 1980 addiderim
2068 1908 2370 2004 (Helen.

318 2051 392 2095 v.
435 2023 704 2119 ⁴056).
748 2024 988 2122 Atque
1023 2021 1201 2095 adeo
1232 2020 1522 2094 videtur
1562 2019 1930 2092 interdum
1961 2019 2194 2093 sabula
2227 2045 2376 2094 non

320 2138 618 2210 ultimus
672 2163 819 2210 esse
852 2163 1071 2237 quem
1106 2152 1315 2235 poeta
1350 2136 1486 2208 sibi
1538 2137 1913 2235 proposuit
1961 2136 2221 2225 finem,
2260 2135 2381 2208 sed

321 2251 598 2324 occasio
635 2265 914 2324 tantum
940 2266 1013 2322 et
1045 2251 1244 2349 quasi
1279 2265 1670 2346 praetextus
1688 2303 1711 2338 ,
1740 2274 1889 2349 quo
1909 2275 2071 2321 usus
2096 2265 2380 2323 senten·

325 2365 500 2435 tiam
535 2390 732 2436 suam
789 2363 877 2435 de
916 2362 1086 2451 diis,
1134 2361 1222 2434 de
1259 2387 1339 2434 re
1390 2361 1723 2459 publica,
1769 2361 1859 2435 de
1912 2363 2382 2435 matrimonio

315 2475 688 2577 jungendo
699 2475 841 2568 ,de
875 2476 1029 2548 aliis
1062 2475 1277 2548 rebus
1300 2474 1741 2561 domesticis,
1774 2474 1863 2548 de
1886 2476 2159 2574 optima
2184 2473 2383 2550 sabu-

325 2591 561 2663 larum
594 2589 1153 2687 compositione,
1210 2587 1299 2660 de
1334 2587 1672 2662 omnihus
1703 2587 2017 2689 denique
2052 2590 2381 2664 maximis

328 2702 542 2778 rebus
586 2703 1052 2800 minimisque
1109 2728 1274 2774 cum
1322 2701 1595 2799 populo
1648 2702 2255 2793 communicaret,
2309 2719 2384 2775 et

326 2817 637 2889 aliorum
690 2815 805 2887 vel
865 2829 1249 2913 poetarum
1305 2814 1421 2886 vel
1475 2813 2078 2912 philosophorum
2124 2816 2380 2914 placita

327 2929 711 3003 refelleret.
764 2929 1013 3027 Itaque
1041 2926 1130 2999 de
1163 2927 1607 3026 Melanippa
1632 2927 2076 3029 philosopha
2108 2929 2382 3026 optime

329 3042 513 3115 dixit
570 3040 953 3138 Dionysius
1002 3040 1634 3113 Halicarnassensis
1663 3041 1693 3138 (
1721 3040 1937 3114 Rhet.
1992 3040 2195 3131 VIII,
2243 3046 2377 3131 ⁴03

330 3155 439 3229 IX
461 3210 483 3245 ,
520 3160 597 3229 Η
636 3156 668 3253 )
704 3168 851 3227 tota
888 3151 1124 3226 fabula
1151 3153 1352 3253 quasi
1385 3153 1704 3226 oratoria
1739 3152 1967 3253 figura
2002 3179 2211 3225 usum
2238 3178 2385 3227 esse

326 3267 751 3366 Euripidem
775 3321 798 3356 ,
829 3283 908 3339 nt
933 3265 1378 3366 Anaxagorae
1401 3266 1658 3365 placita
1691 3267 1763 3338 in
1781 3265 2102 3339 medium
2115 3267 2387 3365 profer-

330 3397 469 3454 ret.
505 3380 681 3473 Quae
719 3379 979 3478 placita
1015 3404 1248 3478 neque
1275 3379 1707 3478 Melanippae
1735 3404 1881 3452 esse
1910 3434 1932 3469 ,
1954 3404 2186 3480 neque
2218 3407 2379 3470 sua,

329 3494 450 3568 sed
483 3496 746 3568 summi
778 3493 967 3565 illius
994 3491 1441 3591 philosophi,
1485 3495 1684 3592 cujus
1718 3493 1893 3566 olim
1922 3495 2153 3567 suerat
2186 3494 2390 3567 audi-

332 3624 492 3697 tor,
529 3610 693 3681 satis
726 3623 972 3706 aperte
1007 3606 1435 3706 significavit
1470 3607 1707 3679 verbis
1755 3635 1917 3707 quae
1972 3609 2044 3682 in
2087 3634 2393 3707 prover-

329 3720 537 3795 bium
570 3720 907 3793 abierunt
934 3751 950 3790 ε

568 3937 676 3991 Οὐκ
704 3938 823 4014 ἐμὸς
852 3938 878 3991 ὁ
911 3939 1090 4011 μῦθος,
1123 3933 1234 3990 ἀλλ’
1264 3935 1387 4010 ἐμῆς
1413 3939 1605 4013 μητρὸς
1635 3939 1802 4012 πάρα.
