3034 5050
703 488 838 537 CUM
889 490 1092 536 REBUS
1141 456 1436 535 runtlcls
1483 486 2024 536 CONJUNCT10N3.·
2297 478 2377 532 25

324 619 661 716 ingenio,
720 643 956 718 neque
992 617 1435 690 infestissima
1477 618 1595 689 illa
1641 619 1938 690 maximi
2002 619 2137 690 viri
2187 618 2381 691 insc-

322 731 566 820 ctatio,
593 758 755 831 quae
784 749 939 803 tum
964 733 1036 804 in
1069 733 1287 804 totius
1309 731 1569 805 fabulae
1593 733 2193 819 conformatione,
2226 747 2385 804 tum

323 846 399 916 in
415 843 739 917 versibus
761 870 974 942 supra
1000 846 1232 917 citatis
1262 846 1826 944 conspiceretur.
1860 844 2024 918 Non
2052 845 2384 944 intelligo

321 973 543 1029 tantae
573 957 982 1031 acerbitatis
1018 958 1216 1030 virus
1255 959 1329 1031 iri
1375 975 1588 1056 poeta
1626 957 2076 1048 dulcissime,
2116 957 2205 1030 de
2236 985 2386 1058 quo

319 1069 596 1143 Comici
645 1088 811 1143 sunl:
855 1070 1078 1148 verba
1128 1103 1144 1141 ε
1200 1081 1231 1144 ὃ
1279 1076 1339 1144 δ’
1382 1081 1626 1156 εὔκολος
1682 1078 1787 1166 μὲν
1840 1065 2084 1164 ἐνθάδ’,·
2141 1081 2385 1156 εὔκολος

322 1188 535 1259 δ’ἑκεῖ.
1066 1180 1073 1181 7
2137 1173 2141 1178 ’

416 1297 694 1373 Verum
732 1300 820 1370 in
870 1324 1013 1371 una
1056 1297 1297 1371 sabula
1325 1324 1493 1390 ‚non
1547 1299 1868 1371 constitit
1903 1297 2041 1371 hoc
2067 1297 2383 1371 studium

322 1409 802 1509 componendi
830 1410 1353 1509 tragoediarum
1368 1427 1791 1510 argumenta
1816 1410 2384 1484 cumAthenien·

320 1524 510 1596 sium
540 1523 757 1596 rebus
782 1523 1134 1621 publicis,
1187 1522 1309 1596 sed
1348 1523 1556 1597 brevi
1594 1525 1941 1622 temporis
1973 1523 2220 1622 spatio,
2241 1525 2382 1596 late

319 1638 679 1728 manavit,
715 1655 797 1710 ut
833 1636 1044 1710 hodie
1082 1663 1234 1710 non
1268 1639 1506 1711 solum
1543 1638 1617 1710 in
1659 1639 1743 1710 iis
1775 1664 1937 1738 quoe
1972 1654 2254 1710 exstant
2273 1637 2383 1709 fa—

320 1748 550 1840 bulis,
598 1751 718 1825 sed
756 1752 975 1824 etiam
1027 1753 1100 1823 in
1135 1742 1529 1850 deperditis
1557 1752 1935 1825 tectiorem
1963 1752 2278 1851 aliquam
2312 1767 2385 1823 et

322 1863 850 1938 intricatiorem
892 1864 1491 1963 significationem
1554 1866 2037 1962 interpretum
2104 1864 2382 1937 curiosa

322 1976 669 2051 industria
706 1979 1175 2078 indagaverit.
1216 1978 1426 2072 Quod
1469 1979 1586 2051 vel
1632 1980 1945 2051 maxime
1982 1979 2162 2050 mihi
2198 1977 2382 2053 vide·

321 2106 442 2163 tur
484 2094 742 2189 primae
795 2093 900 2164 illi
941 2095 1376 2191 conjecturae
1422 2094 1753 2163 virorum
1806 2090 2193 2164 doctorum
2240 2091 2384 2165 suf-

317 2205 542 2302 fragia
571 2207 1011 2296 conciliasse,
1053 2233 1281 2305 quum
1319 2207 1633 2278 aliorum
1666 2206 1853 2281 ausis
1879 2205 2218 2302 effectum
2251 2207 2381 2296 sit,

319 2333 401 2391 ut
432 2320 830 2391 Her-manni
889 2319 1179 2392 audacia
1222 2321 1375 2418 jam
1419 2318 1803 2417 prudentia
1862 2336 1935 2391 et
1980 2318 2383 2393 moderatio

317 2456 466 2504 esse
515 2431 871 2505 videatur.
934 2432 1321 2519 Attamen,
1375 2434 1432 2503 si
1480 2431 1878 2530 inQOEdipo
1906 2455 2078 2517 vera,
2112 2447 2220 2503 est
2260 2432 2380 2520 illa

317 2545 722 2643 explicandi
764 2547 990 2633 ratio,
1023 2571 1173 2618 non
1213 2545 1426 2618 video
1476 2572 1607 2618 cur
1644 2536 1733 2616 ad
1767 2545 2079 2644 reliquas
2112 2543 2386 2617 fabulas

319 2685 470 2733 non
495 2658 947 2731 adhibeatur.
981 2660 1138 2732 Hoc
1164 2658 1361 2731 enim
1374 2658 1761 2757 quaeritur,
1783 2658 2385 2757 consueverintne

317 2800 411 2846 an
446 2797 599 2846 non
637 2764 1144 2845 consueverint
1201 2769 1675 2844 Athenienses
1725 2773 1800 2843 in
1855 2771 2150 2844 scenicis
2200 2769 2388 2842 ludis

320 2886 705 2984 imaginem
738 2887 1193 2984 conspicere,
1232 2911 1381 2957 non
1416 2884 1749 2956 humanae
1783 2887 1954 2956 vitae
1981 2885 2055 2956 in
2077 2886 2383 2959 univer-

319 3026 476 3071 sum
496 3053 518 3089 ,
549 2999 670 3071 sed
703 3024 953 3071 earum
985 3025 1235 3074 rerum
1258 3025 1422 3098 quae
1451 3014 1609 3069 tum
1637 2999 1949 3070 maxime
1975 2997 2385 3070 acciderent

317 3130 391 3185 et
423 3129 878 3211 gererentur.
921 3112 1131 3207 Quod
1175 3116 1231 3185 si
1270 3139 1419 3186 non
1448 3109 1777 3183 solebant
1807 3110 1896 3184 ad
1940 3136 2149 3182 suum
2185 3112 2383 3208 ipso-

318 3254 481 3300 rum
514 3244 778 3300 statum
803 3227 1076 3300 fabulas
1102 3227 1567 3325 detorquere,
1600 3225 1904 3297 minime
1928 3224 2107 3296 mihi
2140 3224 2414 3297 viden-⁰

324 3359 443 3412 tur
488 3342 562 3413 in
602 3367 681 3414 ea
725 3341 1183 3439 potissimum
1239 3340 1475 3413 fabula
1534 3337 1625 3409 de
1667 3355 1748 3410 ‘se
1780 3339 2162 3437 cogitasse,
2218 3364 2385 3437 quae

318 3479 536 3552 quam
580 3454 890 3526 maxime
939 3453 1274 3551 percellit
1319 3469 1802 3551 spectatorem
1856 3476 2090 3550 neque
2122 3452 2265 3525 alio
2309 3476 2388 3547 se

320 3583 747 3643 convertere
797 3567 995 3639 sinit.
1037 3568 1165 3640 Sin
1212 3582 1451 3639 autem
1487 3566 1577 3640 de
1637 3592 1710 3639 se
1769 3566 2271 3663 cogitaverunt
2306 3565 2382 3637 in

318 3679 609 3779 OEdipo
637 3680 1024 3778 spectando
1045 3735 1068 3769 ,
1091 3682 1306 3754 etiam
1331 3681 1403 3752 in
1431 3669 1587 3753 aliis
1608 3678 1948 3778 cogitasse
1980 3679 2130 3750 veri
2153 3678 2387 3750 simile

243 3847 247 3851 -
320 3811 449 3867 est.
483 3794 619 3867 Sed
650 3794 1020 3868 redeamus
1053 3795 1139 3866 ad
1182 3796 1675 3893 propositum,
1720 3810 1801 3864 ut
1847 3792 2053 3892 hujus
2086 3793 2390 3864 rationis

325 3909 763 3982 incrementa
799 3935 1338 4008 persequamur.
1378 3910 1581 3992 Hanc
1604 3908 2051 4005 provinciam
2078 3906 2386 4004 suscepit
