3034 5050
679 460 819 509 clm
866 461 1070 510 REBUS
1117 462 1421 512 Pnnucls
1461 459 1979 540 coNJUNCTmNn.
2275 453 2348 508 11

292 608 536 690 aperta
559 593 673 665 illa
694 649 714 682 ,
745 620 983 696 neque
1008 597 1268 668 tectior
1298 595 1452 668 haec
1475 610 1550 667 et
1581 594 1875 692 obliqua
1910 595 2100 666 ratio
2135 619 2361 693 quum

294 708 367 777 in
438 706 793 805 tragoedia
860 708 1233 806 probanda
1300 734 1447 781 esse
1507 706 1876 793 videatur,
1952 706 2359 778 admirabili

294 818 692 916 AEschylu8‚
718 822 863 893 sive
882 838 1060 911 arte,
1081 823 1228 894 sive
1248 823 1542 920 iugenio
1565 847 1727 891 usus
1742 821 2033 891 tertiam
2049 820 2365 918 aliquam

298 932 575 1005 invenit
615 933 802 1004 viam
831 989 850 1016 ‚
899 960 1062 1033 quae
1116 933 1208 1004 ab
1261 935 1462 1007 omni
1515 932 2080 1030 reprehensione
2128 947 2358 1004 vacat.

298 1045 622 1116 Minerva
663 1046 858 1117 enim
888 1101 910 1135 ,
940 1048 1234 1119 silentio
1271 1072 1405 1144 per
1431 1071 1846 1144 praeconem
1871 1046 2058 1118 facto
2079 1101 2097 1132 ,
2145 1070 2367 1117 coro-

300 1185 468 1229 nam
503 1157 900 1258 alloquitur
939 1159 1200 1232 civium
1255 1160 1845 1244 Atheniensium,
1883 1184 2019 1258 qua
2043 1157 2368 1257 judicum

300 1296 662 1343 consessus
709 1272 987 1355 cinctus
1038 1297 1201 1361 esse⁶
1244 1273 1578 1371 fingitur,
1622 1298 1786 1371 quae
1841 1297 2109 1344 corona
2167 1271 2366 1342 nul-la

301 1384 435 1457 alia
471 1401 576 1456 est
610 1411 826 1483 quam
865 1411 1077 1458 verus
1100 1439 1120 1472 ,
1161 1387 1283 1484 qui
1317 1387 1393 1457 in
1430 1385 1717 1457 theatro
1744 1383 2096 1468 considet,
2146 1408 2372 1480 popu-

303 1498 436 1568 lus.
489 1498 738 1596 Itaque
787 1524 934 1571 non
986 1497 1073 1570 ad
1108 1514 1548 1596 spectatores
1597 1523 1670 1570 se
1721 1498 2084 1570 convertit
2132 1512 2365 1584 actor,

302 1608 421 1681 sed
441 1608 702 1681 'fabuloe
727 1637 891 1706 pars
911 1610 1096 1682 fiunt
1118 1611 1246 1708 ipsi
1269 1627 1741 1708 spectatores;
1764 1635 1997 1708 neque
2018 1609 2370 1681 Minervae

302 1747 613 1820 persona
644 1751 681 1793 a
726 1722 991 1795 fabulae
1037 1740 1367 1821 tempore
1403 1723 2058 1796 ad‘commissionis
2095 1740 2374 1819 tempus

303 1834 637 1908 descendi
650 1851 675 1906 t
700 1890 721 1925 ,
761 1835 881 1909 sed
919 1836 1237 1909 ascendit
1286 1853 1357 1907 et
1394 1836 1821 1908 transfertur
1858 1862 2130 1909 corona
2163 1861 2248 1907 ex
2288 1861 2374 1906 eo

303 1973 452 2047 quo
484 1973 562 2020 re
601 1973 761 2020 vera
791 1966 898 2021 est
931 1950 1007 2021 in
1037 1948 1107 2021 id
1141 1948 1334 2048 quod
1361 1966 1569 2046 poeta
1604 1950 1759 2020 vult
1787 1966 2092 2047 tempus·

404 2061 543 2132 Sed
585 2062 833 2132 insunt
888 2063 1107 2133 etiam
1145 2061 1278 2131 alia
1318 2060 1483 2133 huic
1516 2062 1898 2158 tragoediae
1950 2086 2098 2134 non
2139 2062 2378 2139 minus

307 2189 556 2269 aperte
617 2173 705 2244 ad
763 2173 1085 2270 publicas
1153 2172 1705 2246 Atheniensium
1785 2201 1900 2248 res
1973 2173 2370 2247 referenda.

308 2286 537 2356 Docta
571 2287 766 2357 enim
818 2301 925 2359 est
957 2285 1395 2358 Eumenides
1448 2313 1598 2360 non
1646 2289 1884 2360 multo
1931 2304 2098 2385 post
2143 2287 2379 2359 foedus

315 2401 505 2471 inter
531 2398 1003 2472 Athenienses
1027 2417 1100 2472 et
1121 2400 1431 2498 Argivos
1460 2403 1720 2473 initum
1741 2401 1887 2498 (Ol.
1921 2400 2206 2472 LXXX
2232 2427 2297 2471 a.
2339 2407 2366 2472 ‘l

312 2530 437 2584 aut
470 2514 596 2610 2).
629 2514 792 2587 Jam
816 2539 992 2587 vero
1021 2540 1249 2614 quum
1283 2513 1566 2587 Orestes
1592 2530 1773 2586 esset
1811 2515 2149 2614 Argivus,
2193 2512 2378 2586 banc

313 2629 761 2700 occasionem
808 2643 1059 2699 nactus
1110 2644 1321 2725 poeta
1366 2627 1738 2700 civitatum
1792 2628 2382 2726 conjunctionem

316 2740 817 2839 antiquissimo
845 2741 979 2811 niti
999 2739 1469 2812 fundamento
1497 2740 1838 2813 ostendit.
1876 2743 2123 2840 Itaque
2143 2742 2382 2811 statim

317 2852 408 2925 ab
440 2853 648 2926 initio
708 2854 994 2926 Orestes
1030 2855 1381 2926 Minervae
1426 2854 1775 2926 auxilium
1828 2855 2278 2953 implorans(
2306 2882 2375 2925 v.

317 2968 493 3065 289)
512 2966 725 3039 fidam
747 2983 817 3039 et
839 2983 1188 3040 aeternam
1221 2966 1664 3065 Argivorum
1689 2967 2077 3038 amicitiam
2092 2968 2385 3065 pollice·

321 3097 440 3154 tur
458 3109 480 3170 3
505 3107 668 3181 quae
686 3083 947 3153 iterum
965 3083 992 3179 (
1009 3109 1053 3154 v
1070 3082 1280 3179 1569)
1303 3080 1575 3178 Apollo
1595 3097 1944 3178 patronus
1964 3106 2107 3183 pro,
2123 3082 2385 3152 cliente

323 3219 455 3267 suo
506 3194 852 3292 spondet;
893 3211 1115 3293 atque·
1161 3197 1234 3266 in
1271 3193 1416 3266 fine
1474 3192 1850 3292 tragoediae
1905 3194 2188 3266 Orestes
2240 3195 2389 3291 ipse

326 3310 354 3403 (
402 3334 474 3379 v.
544 3310 689 3381 762
735 3309 764 3405 )
784 3362 805 3395 ,
876 3308 1171 3381 domum
1231 3332 1684 3396 reversuruS,
1755 3333 1892 3405 pro
1948 3332 2034 3380 eo
2095 3333 2241 3407 quo
2299 3306 2389 3379 ab

328 3418 888 3494 Atheniensibus
944 3420 1239 3492 affectus
1296 3436 1452 3491 erat
1522 3417 1910 3507 beneficio,
1971 3445 2252 3518 semper
2318 3446 2390 3493 se

328 3560 634 3634 suosque
673 3538 860 3609 cives
897 3552 1107 3636 grato
1157 3536 1400 3608 animo
1442 3537 1721 3608 futuros
1748 3560 1893 3609 esse
1928 3537 2391 3635 jurejurando

233 3715 237 3719 ,
330 3647 754 3739 confirmat3
808 3648 1002 3750 quod
1044 3651 1100 3722 si
1155 3675 1474 3749 uuquam
1525 3648 1800 3721 bellum
1838 3649 2392 3722 Atheniensibus

336 3763 604 3835 illaturi
627 3782 859 3836 essent
882 3765 1173 3863 Argivi,
1200 3764 1404 3836 irrita
1435 3788 1506 3835 se
1536 3763 1958 3836 effecturum
1978 3788 2122 3836 esse
2138 3790 2392 3835 eorum

333 3877 626 3948 consilia
650 3933 669 3966 ,
704 3877 809 3950 sin
839 3879 1248 3950 societatem
1277 3877 1635 3969 colerent,
1667 3876 2022 3973 propitios
2052 3901 2173 3948 eos
2201 3874 2396 3948 habi·-
