3034 5050
656 482 693 538 2
1149 488 1234 538 DE
1280 488 1800 539 'BRAGOEDIARUM
1845 487 2221 538 GRAECARUM

658 629 805 695 ἄλλο
842 653 897 692 τι
937 631 1142 703 ζητοίη
1199 630 1237 699 ἢ
1283 628 1340 693 ἐν
1374 624 1477 704 ὀἷς
1532 634 1723 716 ζῶμεν
1766 636 1813 707 “,
1868 618 2077 691 nobis
2111 635 2362 692 contra
2398 619 2718 690 efficere-

663 750 807 818 tur,
850 732 924 803 in
956 730 1138 803 fictis
1171 732 1385 804 rebus
1409 749 1481 804 et
1512 760 1550 804 a
1584 758 1745 804 vera
1774 733 1917 804 vita
1951 733 2243 804 remotis
2272 731 2721 831 requisivisse

665 843 1134 917 Athenienses
1173 870 1250 917 ea
1290 853 1347 918 ἐν
1383 848 1473 928 οἷς
1508 859 1727 941 ζῶμεν.
1788 845 2026 921 Poetae
2074 860 2311 917 autem
2363 870 2507 916 non
2563 868 2714 915 uno

661 958 825 1031 loco
888 956 1306 1030 viderentur
1376 958 1502 1054 ipsi
1566 984 1732 1028 cum
1800 956 2322 1054 spectatoribus
2380 956 2720 1029 collocuti

663 1095 844 1160 esse,
875 1071 1148 1169 ipsique
1178 1068 1387 1140 fuisse
1410 1068 1670 1140 sabulae
1699 1096 1865 1167 pars
1885 1125 1903 1157 ,
1928 1096 2154 1169 quum
2180 1096 2269 1142 ex
2304 1069 2555 1168 tragici
2576 1095 2728 1141 car-

663 1186 878 1256 minis
911 1183 1186 1283 legibus
1226 1208 1377 1255 non
1404 1208 1571 1280 pars
1593 1181 1854 1255 fabulae
1896 1199 2131 1279 poeta,
2172 1182 2293 1255 sed
2326 1198 2613 1255 creator
2635 1182 2725 1253 sit

665 1313 737 1370 et
781 1299 976 1397 quasi
1021 1299 1176 1370 fons
1212 1297 1418 1381 vitae,
1458 1321 1545 1367 ex
1599 1321 1746 1394 quo
1793 1296 2027 1367 vitalis
2077 1297 2339 1367 animae
2396 1294 2726 1366 haustum

668 1425 1048 1482 traxerunt
1074 1434 1399 1507 personae
1419 1465 1436 1494 ,
1475 1411 1548 1480 in
1581 1406 1869 1505 reliquis
1894 1434 1928 1478 a
1966 1424 2291 1481 creatore
2316 1407 2721 1506 disjunctae,

667 1540 749 1595 ut
809 1527 1301 1617 conjecturam
1355 1523 1586 1594 sacere
1651 1521 1872 1618 possis
1933 1519 2021 1592 de
2086 1520 2222 1592 deo
2280 1521 2407 1593 illo
2466 1520 2725 1592 scenici

667 1633 918 1708 mundi
959 1633 1268 1723 artifice,
1309 1657 1745 1732 cognoscere
1772 1648 1843 1706 et
1881 1634 2294 1730 conspicere
2322 1634 2556 1731 ipsum
2578 1658 2727 1705 non
2836 1629 2846 1641 ’

673 1748 920 1845 possis,

767 1863 1013 1957 Itaque
1075 1860 1249 1931 fines
1310 1859 1604 1958 quidam
1640 1859 1978 1932 videntur
2032 1876 2105 1930 et
2165 1861 2365 1959 quasi
2438 1860 2729 1932 termini

674 1972 1155 2046 constituendi
1211 1998 1393 2059 esse,
1453 1973 1641 2044 intra
1687 1999 1866 2071 quos
1926 1998 1997 2044 se
2052 1990 2378 2045 exerceat
2415 1970 2734 2044 studium

675 2084 855 2156 illud
886 2083 1262 2181 (morbum
1300 2110 1483 2181 pene
1513 2083 1869 2183 dixerim)
1909 2084 2419 2183 investigandi,
2457 2112 2621 2185 quae
2658 2086 2731 2156 in

683 2196 1052 2297 tragoediis
1085 2199 1371 2296 graecis,
1425 2223 1463 2268 e
1510 2215 1891 2295 poetarum
1934 2198 2174 2297 potius
2207 2224 2427 2297 quam
2472 2224 2513 2272 e
2575 2223 2738 2296 per-

677 2336 1018 2384 sonarum
1071 2326 1313 2382 mente
1358 2310 1584 2398 dicta,
1638 2336 1786 2383 non
1833 2310 1922 2382 ad
1961 2310 2225 2384 sabulae
2251 2310 2371 2384 sed
2404 2310 2492 2383 ad
2528 2337 2737 2383 com-

676 2424 1031 2495 missionis
1066 2438 1344 2518 tempus
1364 2424 1801 2517 pertineant.

779 2535 1151 2608 Nonnulla
1181 2536 1252 2607 in
1293 2534 1665 2634 tragoediis
1679 2537 1941 2634 'graecis
1966 2536 2054 2609 ad
2087 2562 2201 2610 res
2221 2537 2543 2635 publicas
2563 2539 2740 2610 resec

682 2647 905 2719 renda
932 2672 1077 2720 esse
1097 2701 1118 2735 ,
1142 2675 1519 2748 nunquam
1550 2648 1799 2721 'fefellit
1823 2652 2018 2730 viros
2037 2649 2335 2742 doctos;
2384 2676 2548 2751 quae
2593 2650 2741 2723 sint

684 2760 1092 2851 referenda,
1153 2780 1225 2834 et
1264 2764 1498 2862 qualia
1524 2817 1544 2850 ,
1608 2781 1680 2833 et
1714 2763 2080 2861 quomodo
2102 2818 2123 2852 ,
2163 2791 2313 2838 non
2348 2768 2513 2838 satis
2549 2768 2741 2838 inter

685 2900 804 2946 eos
838 2874 1203 2945 convenit.
1238 2875 1392 2965 Qua
1438 2875 1512 2946 in
1566 2874 2064 2973 disquisitione
2103 2879 2400 2976 propius
2445 2880 2741 2952 fortasse

688 2986 775 3060 ad
824 3013 1076 3060 verum
1139 2986 1593 3076 accedamus,
1655 2991 1712 3062 si
1762 2992 2334 3066 animadversum
2370 2995 2548 3082 erit,
2591 3020 2738 3067 non

689 3101 992 3198 simplex
1026 3125 1172 3174 esse
1227 3099 1298 3171 id
1352 3101 1441 3172 de
1494 3128 1642 3201 quo
1684 3104 1949 3201 agitur,
1995 3104 2116 3176 sed
2154 3105 2485 3204 pluribus
2511 3104 2743 3178 modis

690 3239 896 3312 posse
930 3239 1060 3284 usu
1092 3214 1364 3286 venire.
1411 3214 1542 3285 Est
1583 3216 1779 3287 enim
1836 3218 2211 3316 tragoediae
2255 3243 2502 3317 genus,
2549 3218 2744 3318 quod

687 3344 922 3399 totum
948 3329 1362 3398 versaturin
1396 3326 1478 3398 iis
1498 3353 1661 3427 quae
1681 3330 1895 3427 ipsius
1911 3347 2141 3429 poetae
2161 3334 2508 3406 memoria
2530 3349 2745 3432 gestae

692 3456 886 3525 sunt,
910 3438 1125 3512 rebus
1145 3438 1629 3530 celebrandis5
1656 3458 1761 3514 est
1781 3444 2115 3530 alterum,
2138 3445 2359 3544 quod,
2382 3463 2620 3520 vetera
2639 3447 2744 3517 rei

692 3551 1003 3650 pubucae
1034 3554 1142 3624 vel
1177 3555 1310 3624 sata
1352 3554 1460 3624 vel
1497 3555 1810 3627 instituta
1849 3556 2304 3642 exornando,
2346 3585 2511 3631 cum
2549 3586 2750 3656 prae-

693 3666 874 3738 senti
912 3690 1155 3737 rerum
1189 3682 1373 3760 statu
1405 3667 1851 3766 aliquatenus
1885 3673 2348 3767 conjunctum
2380 3671 2743 3759 videatur;

778 3920 794 3943 ¹
841 3909 1103 3988 Thucyd.
1139 3908 1264 3979 Ill,
1297 3911 1397 3969 38.
