3034 5050
677 507 814 554 CUM
863 506 1068 555 umus
1113 504 1412 553 PUBLlcls
1456 504 1976 556 oouJUNC‘rloNB.
2273 502 2355 558 15

292 638 736 712 discindatur
791 667 828 709 a
879 637 1239 712 Thebanis
1294 640 1521 712 levem
1580 638 1680 712 ob
1739 666 2049 712 causam.
2101 640 2355 716 Altero
2401 694 2408 701 -

295 753 457 825 loco
511 754 542 851 (
568 780 634 825 v.
691 754 871 841 949,
923 780 1082 852 sqq.
1116 755 1146 851 >
1204 753 1515 826 Theseus
1533 808 1554 841 ,
1612 752 1788 826 dum
1839 755 1912 826 in
1964 755 2352 830 Creontem

294 862 690 955 invehitur,
728 865 1252 964 rempublicam
1287 865 1804 939 Thebanorum
1846 865 2093 941 sedulo
2143 871 2351 969 culpa

291 980 587 1067 eximit,
626 1007 839 1081 quam
875 997 1086 1080 negat
1139 979 1610 1078 probaturam
1659 1005 1806 1053 esse
1852 981 2181 1055 Creontis
2227 984 2353 1056 in—

292 1111 496 1191 cepta
557 1095 610 1165 si
658 1093 1074 1166 resciverit:
1116 1118 1349 1193 neque
1397 1092 1595 1164 enim
1635 1094 1914 1192 injustis
1950 1098 2107 1167 eam
2149 1094 2352 1169 dele-

289 1208 469 1278 ctari
513 1205 814 1278 civibus·
855 1206 1095 1299 Quum
1133 1206 1355 1305 igitur
1404 1223 1478 1278 et
1529 1205 1803 1279 cladem
1836 1205 2351 1282 Thebanorum

289 1320 444 1391 haec
482 1318 718 1406 *fabula
768 1335 1191 1418 auguretur,
1241 1336 1314 1392 et
1355 1318 1605 1392 eadem
1647 1319 1978 1391 maximis
2025 1320 2353 1394 laudibus

285 1435 541 1506 afficiat
567 1433 949 1507 Thebanos
965 1490 989 1522 ‚
1030 1460 1302 1506 annum
1326 1435 1644 1535 aliquem
1661 1435 2045 1535 exquirere
2069 1435 2353 1508 studue-

283 1564 457 1619 runt
488 1548 628 1619 viri
656 1546 887 1632 docti,
928 1572 1077 1647 quo
1110 1564 1182 1619 et
1210 1547 1364 1620 haec
1396 1564 1470 1620 et
1517 1549 1636 1621 illa
1687 1565 1852 1648 apte
1886 1548 2264 1646 potuerint
2313 1576 2351 1621 a

281 1676 487 1757 poeta
513 1660 852 1759 proferri.
881 1659 1032 1753 Qua
1061 1661 1133 1731 in
1149 1658 1648 1760 disquisitione
1685 1662 1758 1733 in
1782 1660 2094 1734 diversas
2114 1677 2353 1759 partes

281 1773 641 1847 abierunt.
698 1773 1084 1846 Nonnullis
1147 1775 1365 1845 enim‘
1407 1776 1636 1845 visum
1686 1791 1791 1846 est
1842 1789 2001 1872 post
2035 1801 2352 1874 pugnam

282 1888 687 1960 Beliensem
718 1886 1015 1959 ridicula
1037 1889 1275 1959 sutura
1295 1888 1503 1959 fuisse
1523 1886 1790 1986 OEdipi
1823 1888 1942 1959 illa
1970 1890 2346 1987 promissa,

283 2001 440 2098 ipso
475 2001 746 2074 scilieet
760 2027 1008 2091 rerum
1024 2019 1289 2073 eventu
1308 2003 1606 2073 refutata
1634 2031 1655 2090 ;
1687 2002 1962 2099 optime
1984 2026 2157 2074 vero
2178 2000 2351 2074 belli

292 2115 516 2187 initiis
538 2117 933 2188 convenire
956 2169 976 2202 ,
1018 2114 1310 2211 quando
1338 2116 1408 2184 in
1437 2116 1764 2186 victoriae
1789 2139 1987 2212 spem
2025 2112 2347 2214 erigendi

286 2226 563 2298 fiaerint
589 2227 853 2299 civium
877 2228 1127 2297 animi.
1147 2226 1516 2318 Quadrare
1535 2229 1750 2299 etiam
1774 2227 2091 2301 hostium
2115 2227 2353 2300 laudes

290 2340 310 2410 i
321 2367 365 2411 n
391 2364 466 2411 ea
502 2357 823 2436 tempora
850 2394 868 2425 ,
910 2338 1174 2439 quibus
1201 2338 1448 2411 odium
1477 2338 1802 2414 nondum
1826 2342 2058 2414 acrius
2084 2365 2355 2413 exarse-

289 2455 414 2524 rit.
445 2455 694 2554 ltaque
706 2452 824 2523 Ol.
856 2452 1272 2526 LXXXVII
1297 2478 1492 2526 anno
1513 2457 1560 2528 2
1582 2454 1692 2526 vel
1720 2457 1766 2527 3
1784 2452 2069 2526 doctam
2087 2477 2237 2526 esse
2257 2455 2351 2527 sa·

286 2567 531 2640 hulam
546 2569 793 2639 statuit
809 2566 1182 2665 ReisigiuS,
1203 2592 1364 2638 cum
1379 2592 1529 2666 quo
1547 2568 1620 2639 in
1633 2569 2050 2640 universum
2064 2592 2360 2641 consen-

290 2683 483 2752 tiunt
508 2679 1005 2753 Lachmaunus
1030 2695 1103 2750 et
1123 2679 1534 2767 Schoellius,
1566 2681 1697 2753 nisi
1720 2680 1915 2780 quod
1940 2680 2062 2753 ille
2090 2697 2357 2753 temere

290 2794 435 2891 (cf.
495 2821 568 2867 v,
622 2794 822 2889 703)
857 2792 1178 2889 primum
1233 2790 1551 2890 ejusdem
1596 2791 2033 2891 Olympiadis
2084 2818 2357 2864 annum

290 2906 819 3006 praeferendum
847 2929 993 2976 esse
1014 2905 1315 2976 censuit.
1356 2902 1500 2976 Alii
1532 2923 1784 2978 eontra
1820 2933 1970 2980 non
2014 2906 2149 2979 nisi
2194 2922 2358 3005 post

291 3021 568 3093 cladem
592 3020 1001 3092 Deliensem
1028 3035 1274 3116 aptam
1304 3017 1470 3090 huic
1506 3018 1880 3118 tragoediae
1907 3021 2355 3092 occasionem

291 3135 500 3206 fuisse
530 3132 664 3205 sibi
700 3149 1229 3230 persuaserunt.
1275 3132 1460 3203 Nam
1498 3133 1754 3229 primis
1785 3131 2360 3228 belli‘Pelopon-

295 3248 552 3320 nesiaci
584 3248 788 3319 annis
816 3273 852 3318 a
889 3248 1257 3345 Spartanis
1291 3244 1422 3317 sihi
1476 3247 1809 3318 metuisse
1842 3245 2355 3329 Athenienses,

286 3360 377 3435 de
414 3360 930 3435 Thebanorum
967 3362 1041 3433 in
1072 3360 1387 3433 Atticam
1413 3359 1945 3434 incursionibus
1962 3377 2125 3458 post
2153 3360 2358 3432 illam

286 3476 581 3548 demum
591 3501 905 3575 pugnam
923 3476 1234 3573 potuisse
1250 3476 1549 3574 cogitari
1565 3529 1580 3546 .
1605 3475 1846 3573 Atque
1859 3500 2082 3574 quum
2101 3472 2355 3546 eodem

294 3605 622 3688 tempore
646 3590 857 3662 factio
883 3590 1238 3661 exstiterit
1272 3586 1538 3660 Thebis
1568 3589 1937 3687 popularis
1977 3588 2257 3685 imperii
2286 3603 2359 3659 et

295 3701 846 3776 Atheniensium
892 3703 1198 3776 studiosa
1234 3703 1264 3800 (
1285 3702 1516 3774 Thuc.
1566 3703 1690 3776 lV.
1724 3706 1819 3777 76
1845 3706 1873 3800 )
1900 3759 1920 3791 ‚
1978 3704 2113 3775 hoc
2150 3703 2359 3773 fuisse

295 3844 519 3889 causae
548 3816 984 3906 existimant,
1017 3842 1239 3916 quare
1274 3817 1345 3887 in
1386 3816 1792 3906 miiversam
1823 3817 2061 3888 invehi
2085 3812 2360 3886 Theba-

297 3955 560 4002 norum
588 3932 949 4003 civilatem
978 3931 1365 4029 Sophocles
1410 3928 1864 4003 dubitaverit.
1894 3927 2187 4001 Talibus
2213 3928 2359 3999 sere
