3034 5050
680 524 765 571 1)ss
810 524 1014 572 REBUS
1060 523 1360 571 PUBLIBIS
1405 521 1920 571 CONJUNCTIONE·
2249 513 2322 568 31

277 670 533 726 tustate
556 655 704 753 jam
752 653 1166 726 obliteratas
1187 708 1207 742 ,
1271 652 1391 726 sed
1449 654 1856 726 recentibus
1909 679 2081 753 quas
2122 679 2332 751 supra

275 767 481 838 attuli
507 768 931 840 simillimas.
964 767 1249 867 Ajacem
1283 766 1694 840 statuebant
1727 783 1882 839 tum
1907 785 2136 840 actam
2160 791 2331 852 esse,

275 907 498 979 quum
516 880 1072 954 Themistoclem
1103 883 1172 954 in
1205 880 1438 954 Attica
1470 881 1753 979 sepeliri
1784 881 1938 979 lege
1959 896 2338 953 vetuerant

277 991 793 1083 Athenienses;
825 993 1068 1067 Medea
1106 994 1341 1081 sabula
1376 993 1756 1065 videbatur
1775 993 2157 1092 Euripides
2194 1020 2337 1067 mo·

278 1107 540 1194 unisse,
566 1132 657 1179 ne
680 1107 875 1181 bello
903 1107 1351 1207 suscipiendo
1378 1100 1574 1207 quasi
1598 1106 1867 1179 liberos
1897 1132 2059 1180 suos
2091 1107 2338 1178 civitas

277 1235 563 1292 necaret
578 1250 599 1308 ;
627 1221 700 1293 in
724 1221 1230 1294 Andromacha
1263 1220 1452 1293 idem
1477 1221 1580 1292 rei
1606 1219 1917 1318 publicae
1951 1221 2336 1318 imaginem

279 1334 760 1430 proposuisse,
791 1351 959 1433 post
993 1361 1307 1434 pugnam
1336 1334 1525 1433 apud
1557 1333 1881 1432 Oropum
1900 1333 2075 1429 (sive
2102 1334 2341 1431 potius

280 1443 468 1543 apud
512 1447 921 1539 Eretriam,
958 1448 1192 1520 Thuc.
1230 1448 1424 1520 Vlll.
1459 1447 1627 1543 95),
1667 1444 1756 1517 ad
1792 1444 2125 1517 ultimam
2165 1446 2335 1518 ino-

279 1559 473 1654 piam
530 1559 837 1634 redactae
859 1616 880 1651 ‚
922 1561 1277 1661 simulque
1335 1562 1407 1631 in
1445 1560 1757 1633 laetiores
1782 1585 1938 1659 spes
1968 1559 2154 1631 cives
2180 1584 2342 1630 suos

280 1672 602 1744 erexisse.
656 1672 1016 1748 Videntur
1057 1675 1406 1745 nimirum
1459 1674 1534 1743 in
1585 1674 1995 1745 litterarum
2052 1697 2344 1771 quoque

281 1782 529 1856 studiis
567 1786 946 1884 opiniones
982 1786 1358 1860 nonnullae
1409 1785 1661 1858 orbem
1711 1784 2067 1884 quendam
2105 1785 2343 1858 confi-

284 1920 445 1969 cere
472 1914 545 1970 et
576 1900 774 1998 quasi
813 1900 1122 1973 circuitu
1149 1899 1429 1973 redire:
1463 1925 1696 1999 neque
1729 1898 2079 1971 abhorret
2111 1926 2148 1969 a
2188 1900 2339 1995 ¹reri

283 2011 539 2100 simili,
567 2014 782 2103 etjam
822 2013 952 2087 hos
979 2013 1248 2113 ingenii
1290 2014 1483 2085 lusus
1505 2067 1527 2102 ‚
1558 2011 1763 2083 brevi
1793 2012 1868 2082 in
1895 2010 2342 2082 oblivionem

286 2123 632 2223 relapsoS,
663 2128 842 2198 olim
869 2141 1244 2197 renaturos
1280 2150 1452 2214 esse,
1487 2142 1567 2195 ut
1602 2125 1865 2196 iterum
1887 2141 2338 2196 evanescant.

386 2237 513 2309 IV.
540 2239 923 2339 Reliquum
955 2255 1165 2311 estut
1184 2238 1274 2310 de
1298 2239 1402 2309 sir.
1414 2238 1598 2335 gulis
1630 2237 1806 2310 locis
1833 2237 2346 2335 sententiisque

285 2349 772 2450 disputemuS,
812 2352 1071 2452 quibus
1118 2352 1576 2451 publicarum
1631 2377 1875 2424 rerum
1924 2351 2348 2449 significatio

289 2465 514 2537 inesse
539 2465 893 2539 videatur.
927 2466 1103 2561 Quae
1143 2468 1381 2539 minus
1420 2466 1790 2565 pertinent
1822 2463 1911 2536 ad
1942 2463 2350 2537 fabularum

292 2577 611 2651 indolem
632 2580 1237 2679 perspiciendam,
1267 2580 1351 2651 ad
1383 2597 1707 2677 tempora
1737 2576 2138 2650 definienda
2167 2604 2353 2675 saepe

291 2689 614 2763 adhiberi
651 2711 972 2792 possunt.

390 2805 641 2879 Primo
663 2807 826 2880 loco
853 2832 1120 2904 ponam
1144 2807 1471 2881 locorum
1506 2819 2009 2905 terrarumque
2043 2829 2356 2877 comme-

293 2919 733 2992 morationes
758 2920 1277 3019 spectatoribus
1296 2920 1394 2993 ob
1419 2945 1669 2992 recens
1695 2917 1985 3017 aliquod
2016 2935 2355 2991 eventum

289 3031 663 3131 jucundas,
711 3033 924 3133 Cujus
976 3036 1258 3133 generis
1296 3053 1402 3106 est
1442 3033 1631 3132 apud
1666 3032 2082 3129 AEschylum
2113 3031 2356 3102 AEtnae

298 3143 613 3251 ardentis
664 3145 1051 3245 descriptio
1081 3204 1102 3237 ,
1172 3175 1310 3247 qua
1379 3146 1917 3218 demonstratur
1995 3159 2162 3241 post
2237 3143 2354 3214 Ol.

302 3257 601 3331 LXXV.
626 3263 697 3331 2.
725 3262 1224 3334 Prometheum
1249 3262 1728 3357 conscriptam
1747 3282 1916 3330 esse.
1938 3258 2036 3329 Et
2057 3257 2191 3329 hoc
2212 3258 2360 3355 qui-

300 3369 462 3443 dem
496 3370 673 3442 nihil
722 3371 810 3443 ad
846 3363 1002 3444 rem
1031 3372 1417 3472 publicam.
1447 3375 1534 3445 In
1568 3370 1943 3469 Sophoclis
1978 3373 2357 3468 Antigona

302 3482 617 3557 Bacchus
672 3511 707 3555 a
752 3483 998 3557 Choro
1050 3487 1454 3573 invocatuS‚
1495 3501 1765 3582 praeter
1821 3484 2236 3554 Eleusinem
2290 3498 2363 3554 et

304 3595 612 3687 Theba5‚
646 3596 964 3670 nobilem
992 3598 1256 3670 dicitur
1276 3599 1496 3669 Italiae
1530 3613 1791 3669 terram
1813 3597 2076 3686 colere,
2107 3594 2195 3667 de
2223 3622 2362 3694 qua

308 3726 497 3785 terra
523 3712 687 3783 satis
704 3714 1095 3813 longinqua
1118 3739 1269 3785 non
1293 3714 1671 3812 cogitasset
1699 3725 1937 3810 poeta,
1974 3712 2099 3782 nisi
2137 3735 2365 3807 nuper

308 3822 619 3897 Thurios
672 3826 953 3900 colonia
1003 3827 1301 3900 deducta
1368 3843 1570 3899 esset.
1619 3832 1699 3900 In
1756 3833 1933 3897 Ione
1988 3822 2369 3921 Euripides

314 3942 416 4034 (v.
442 3940 660 4037 4592)
684 3940 846 4012 Rhii
873 3943 1355 4039 promontorii
1382 3957 1651 4039 praeter
1672 3938 2154 4012 necessitatem
2180 3962 2373 4007 men-
