3034 5050
717 496 799 552 30
1210 506 1294 554 ΒΕ
1343 504 1865 554 ἸῚὶΑῦαΞΒῙΑΙὶΠΜ
1911 503 2287 553 GRAECARUM

712 663 876 709 cum
913 636 1467 710 Atheniensibus
1492 638 1760 710 Helena
1797 655 2245 737 exaequatur.
2279 636 2431 730 Qua
2470 638 2543 708 in
2582 660 2661 706 re
2690 650 2767 705 ut

712 775 1092 849 agnoscam
1114 774 1411 823 acumen
1426 751 1564 821 viri
1586 749 1807 838 docti,
1834 749 1974 847 hoc
1992 766 2234 823 tamen
2259 750 2520 840 miror,
2547 747 2765 820 Athe-

709 864 992 935 nienses
1018 862 1227 935 illum
1249 862 1683 935 existimasse
1714 862 1968 936 eodem
1992 863 2200 936 fuisse
2228 863 2555 937 acumine
2574 886 2765 958 prae-

708 974 924 1048 ditos.
962 977 1111 1049 Hac
1138 976 1418 1049 ratione
1455 1002 1600 1047 non
1639 974 1848 1048 video
1881 974 2054 1074 quid
2087 976 2391 1048 omnino
2422 974 2582 1047 elici
2616 996 2767 1045 non

710 1091 933 1188 possit
965 1114 1053 1162 ex
1079 1088 1402 1189 qualibet
1445 1089 1712 1161 fabula.
1752 1090 1860 1162 Ac
1887 1091 2208 1187 profecto
2242 1088 2433 1162 idem
2454 1086 2647 1187 quod
2679 1085 2769 1158 de

710 1203 975 1274 Helena
1012 1201 1402 1299 Euripidea
1441 1204 1822 1302 Hartungo
1842 1257 1863 1292 ‚
1905 1202 2254 1276 Schoellio
2287 1203 2519 1274 visum
2553 1214 2656 1274 est
2680 1197 2767 1272 de

709 1315 1115 1412 Sophocleo
1175 1313 1568 1387 Philocteta
1590 1371 1610 1402 ,
1650 1331 1724 1386 et
1773 1332 1982 1388 aetate
2015 1333 2088 1388 et
2118 1316 2348 1388 forma
2377 1314 2470 1387 ab
2504 1313 2766 1387 Helena

709 1429 873 1501 satis
901 1486 918 1516 ,
953 1430 1221 1527 opinor
1243 1482 1263 1516 ,
1305 1427 1610 1503 diverso.
1647 1430 2032 1504 Schoellius
2059 1432 2255 1503 enim
2280 1446 2432 1501 tum
2458 1426 2545 1499 ad
2579 1426 2770 1498 Alci-

709 1545 990 1617 biadem
1015 1546 1333 1631 exsulem
1363 1563 1682 1645 spectare
1716 1548 2193 1623 Philoctetam
2220 1548 2356 1620 sibi
2388 1544 2763 1645 persuasit,

711 1675 865 1733 tum
902 1659 989 1731 ad
1022 1661 1374 1759 populum
1426 1660 1942 1735 Atheniensem
1976 1661 2067 1733 ab
2115 1661 2423 1733 inimicis
2452 1716 2473 1748 ‚
2514 1657 2770 1730 amici-

708 1776 829 1844 tiae
887 1775 1198 1872 speciem
1254 1774 1618 1846 ementitis
1639 1829 1660 1863 ,
1725 1776 2046 1848 exercitu
2103 1792 2175 1847 et
2246 1775 2462 1847 classe
2485 1827 2503 1859 ,
2572 1771 2767 1871 quasi

708 1887 963 1975 armiS,
1004 1888 1365 1984 privatum
1397 1904 1469 1959 et
1499 1889 1852 1960 inermem
1880 1888 2203 1960 hostibus
2239 1886 2612 1958 traditum.

803 1998 1136 2072 Eundem
1183 1998 1631 2074 Alcibiadem
1676 2000 1810 2072 sub
1844 2002 2199 2097 Polynicis
2255 2002 2330 2072 in
2371 1999 2770 2071 Plzoenissis

707 2136 1009 2210 persona
1090 2112 1311 2184 latere
1354 2114 1753 2210 suspicatur
1797 2114 2213 2210 Hartungus
2252 2128 2268 2154 ¹
2295 2169 2312 2199 ,
2370 2137 2532 2210 quae
2600 2135 2769 2182 sane

708 2226 1116 2324 conjectura
1152 2225 1472 2297 arridere
1523 2243 1793 2322 posset,
1835 2228 1966 2296 nisi
2007 2251 2223 2297 omne
2257 2224 2396 2297 hoc
2427 2224 2773 2295 similitu-

707 2337 960 2411 dinum
987 2337 1472 2410 eruendarum
1501 2336 1817 2409 studium
1851 2337 2319 2435 rejiciendum
2340 2336 2553 2408 nobis
2581 2335 2772 2408 vide-

709 2468 936 2523 retur.
970 2453 1126 2526 Hoc
1145 2451 1395 2523 saltem
1416 2450 1683 2523 vellem
1710 2476 1848 2549 pro
1881 2477 1998 2522 sua
2033 2450 2376 2549 opinione
2403 2476 2553 2523 non
2583 2467 2771 2522 attu-

713 2568 902 2638 lisset
974 2566 1090 2637 vir
1150 2566 1438 2652 doctus,
1504 2564 1956 2640 Alcibiadem
2006 2589 2296 2665 quoque
2354 2564 2771 2664 aliquandiu

712 2679 925 2777 Argis
954 2677 1329 2751 habitasse.
1368 2678 1558 2772 Quid
1591 2679 1679 2751 de
1713 2705 1800 2753 eo
1850 2678 2084 2752 dicam
2133 2677 2325 2777 quod
2364 2677 2771 2751 Phoenissas
2817 2693 2826 2698 ’

709 2791 972 2863 Thebis
1007 2792 1267 2864 amicas
1294 2793 1454 2864 ideo
1480 2793 1554 2863 in
1585 2817 1866 2863 scenam
1906 2790 2229 2863 inductas
2263 2817 2408 2864 esse
2439 2792 2636 2878 vult,
2691 2808 2772 2862 ut
2855 2817 2861 2828 ’

707 2903 1405 3002 Carthaginiensium
1430 2905 1735 2976 amicitia
1778 2904 2344 2978 Atheniensibus
2387 2930 2771 2978 commen—

709 3016 1029 3089 daretur.
1068 3016 1204 3090 Sed
1258 3017 1622 3089 infinitum
1678 3034 1855 3090 esset
1898 3019 2140 3090 omnia
2185 3019 2513 3118 persequi
2563 3048 2579 3088 ε
2635 3015 2773 3090 hoc

715 3148 952 3204 tamen
989 3129 1243 3202 addam
1290 3156 1557 3203 novam
1599 3157 1751 3204 non
1796 3155 1943 3203 esse
2002 3131 2185 3204 hanc
2241 3129 2768 3229 interpretandi

711 3245 1094 3318 rationem.
1127 3244 1446 3316 Eandem
1483 3244 1678 3316 enim
1712 3243 1978 3317 saeculo
2004 3246 2340 3342 proximo
2358 3244 2581 3316 Gallis
2608 3244 2772 3341 pla-

714 3361 961 3448 cuisse,
993 3360 1166 3431 Acta
1191 3358 2165 3456 Academiaelnscriptionum
2189 3358 2403 3431 fidem
2421 3358 2693 3430 faciunt
2710 3372 2767 3426 ⁹.

714 3473 1044 3572 Exempli
1076 3473 1304 3572 gratia
1336 3472 1781 3570 conjecturas
1817 3472 2199 3545 nonnullas
2224 3498 2616 3570 apponam,
2645 3498 2775 3542 ve—

803 3661 818 3685 ¹
867 3649 1230 3709 Zirmlorsero
1261 3663 1528 3720 auctore,
1567 3652 1635 3708 de
1682 3651 2065 3729 Chronologia
2096 3650 2454 3731 fabularum
2499 3651 2774 3733 Euripid.

715 3747 1047 3829 Marburgi‚
1076 3771 1136 3828 p.
1174 3750 1274 3807 82.
2089 3813 2092 3816 ‚

800 3857 822 3882 ²
867 3845 1100 3919 Sallier,
1125 3847 1428 3904 Me'moires
1456 3846 1526 3903 de
1557 3847 1791 3908 l'Acad.
1828 3847 1928 3904 des
1964 3848 2231 3927 Inscript.
2264 3860 2306 3904 t.
2351 3845 2436 3903 VI
2459 3888 2474 3917 ,
2521 3868 2576 3924 p.
2624 3846 2769 3904 385.

717 3944 1008 4017 Hardion,
1043 3957 1079 4002 l.
1110 3942 1303 4016 VIII,
1342 3966 1394 4023 p.
1445 3943 1585 4006 243.
1622 3944 1846 4005 Lebeau
1882 3946 2086 4021 jeune,
2122 3957 2160 4002 t.
2193 3942 2448 4017 XXXV,
2481 3966 2542 4023 p.
2586 3942 2724 4002 432.
