3034 5050
714 527 850 576 CUM
897 528 1099 576 1188th
1144 526 1442 576 PUBLICIS
1486 524 2004 576 CONJUNCTIONE.
2304 517 2381 574 19

333 657 742 757 Euripideae
771 659 1030 732 sabulae
1059 660 1349 760 quando
1382 660 1779 732 commissae
1813 661 1981 746 sint,
2016 658 2288 732 facilius
2316 674 2391 731 et

258 828 269 835 .
332 774 603 872 majore
637 798 804 845 cum
844 773 1077 871 specie
1111 772 1641 872 probabilitatis
1698 796 1786 844 ex
1823 771 2139 845 internis
2168 798 2392 870 argu-
2449 768 2453 772 ⁵

329 886 592 957 mentis
621 884 1014 984 colligitur.
1055 885 1425 984 Supplices
1454 885 1579 955 vix
1605 884 1918 956 dubitari
1951 899 2193 982 potest
2211 885 2391 984 quin

329 1013 484 1070 acta
518 999 606 1070 sit
636 1023 725 1070 eo
758 1014 1112 1095 tempore,
1152 1024 1299 1097 quo
1336 996 1810 1070 Athenienses
1842 1024 2007 1069 cum
2059 996 2347 1097 Argivis
2365 1052 2388 1088 ,

329 1110 852 1184 Lacedaemonii
904 1137 1069 1183 cum
1133 1109 1496 1182 Thebanis
1551 1110 1963 1184 societatem
2027 1111 2390 1200 inierunt,

329 1220 445 1294 Ol.
505 1223 930 1295 LXXXIX.
989 1227 1039 1296 4
1099 1240 1115 1265 ¹
1187 1224 1304 1295 vel
1360 1222 1605 1321 paullo
1660 1240 1847 1322 post.
1914 1224 2122 1296 Tunc
2168 1250 2396 1323 quum

328 1352 611 1409 constet
669 1335 1121 1411 Alcibiadem
1169 1338 1507 1436 juvenem
1559 1335 1647 1406 ad
1696 1334 2220 1433 rempublicam
2275 1335 2397 1408 ad-

326 1448 874 1522 ministrandam
908 1450 1271 1521 accessisse
1294 1504 1316 1537 ,
1356 1475 1506 1522 non
1543 1449 1848 1521 fortuito
1885 1446 2265 1521 videbatur
2307 1449 2397 1522 de

321 1561 706 1661 juvenibus
743 1564 815 1634 in
846 1561 977 1635 hac
1019 1562 1374 1661 tragoedia
1408 1561 1666 1660 saepius
1700 1562 1983 1634 mentio
2008 1564 2221 1662 injici.
2243 1564 2394 1657 Qua

330 1677 406 1748 in
433 1701 514 1748 re
539 1675 716 1748 illud
740 1675 1127 1750 admodum
1154 1678 1440 1749 mireris
1458 1732 1479 1766 ,
1507 1702 1660 1749 non
1685 1701 1889 1773 posse
1923 1675 2011 1747 ad
2040 1676 2397 1775 liquidum

325 1789 652 1886 perduci,
680 1807 927 1862 utrum
956 1815 1093 1889 pro
1120 1789 1491 1862 Alcibiade
1530 1816 1623 1861 an
1661 1805 1914 1862 contra
1951 1787 2400 1863 Alcibiadem

324 1901 700 2000 Euripides
729 1901 945 1975 verba
979 1902 1211 1974 faciat.
1242 1902 1465 1976 Modo
1494 1903 1695 1974 enim
1730 1901 2075 1974 dicuntur
2105 1904 2399 2001 juvenes

324 2014 412 2087 ad
441 2018 696 2115 injusta
723 2015 909 2088 bella
936 2017 1124 2088 cives
1148 2017 1460 2088 excitare
1479 2069 1498 2102 ,
1535 2016 1648 2088 vel
1669 2013 2070 2086 ambitione
2094 2017 2392 2103 incensi,

325 2130 441 2201 vel
473 2131 817 2226 potentiae
853 2128 1231 2226 cupidine,
1271 2128 1383 2199 vel
1419 2129 1600 2200 lucri
1630 2128 1891 2214 studio,
1932 2128 2072 2198 suis
2093 2154 2242 2202 non
2271 2157 2401 2229 pu·

324 2241 532 2313 blicis
577 2240 791 2312 rebus
844 2242 1104 2312 intenti
1167 2241 1270 2337 (v.
1321 2245 1467 2314 232
1517 2266 1675 2339 sqq.
1720 2240 1843 2313 cll.
1906 2243 2047 2315 460
2083 2295 2101 2326 ,
2177 2247 2392 2340 509);

322 2354 544 2428 modo
618 2353 755 2428 hoc
825 2354 1220 2425 maximum
1276 2378 1422 2426 esse
1483 2352 1906 2450 reipublicae
1978 2356 2395 2452 praesidium

321 2467 784 2566 perhibetur,
833 2468 887 2539 si
913 2467 1252 2566 juvenem
1287 2465 1546 2540 habeat
1579 2481 1946 2564 pastorem
1976 2466 2297 2562 probum
2325 2486 2397 2544 et

325 2581 498 2654 belli
534 2580 791 2653 ducem
815 2581 920 2677 (v.
960 2583 1096 2650 190
1121 2606 1280 2679 sqq.
1311 2581 1432 2652 cll.
1466 2580 1673 2674 449).
1704 2580 1953 2676 Itaque
1977 2580 2136 2670 aliis
2169 2584 2394 2683 pungi

324 2696 515 2765 visus
549 2709 655 2765 est
702 2691 835 2765 hac
883 2691 1119 2764 sabula
1155 2690 1596 2778 Alcibiades,
1639 2689 1792 2762 aliis
1826 2718 2046 2790 quam
2087 2697 2397 2767 maxime

324 2806 515 2880 idem
544 2805 814 2878 laudari
855 2822 927 2877 et
955 2806 1450 2879 commendari
1483 2815 1535 2875 ².

427 2919 992 2992 Heraclidarum
1029 2919 1475 2990 simillimum
1523 2933 1629 2992 est
1681 2940 2226 3019 argumentum,
2281 2952 2389 2996 ra-

336 3035 440 3107 tio
474 3034 782 3105 diversa.
824 3031 1056 3105 Habes
1098 3032 1363 3105 iterum
1400 3033 1717 3116 Athenas
1748 3037 2180 3109 miserorum
2228 3038 2395 3134 por·

324 3162 481 3217 tum
531 3161 604 3217 et
675 3144 1066 3243 refugium,
1145 3138 1683 3241 improborum'
1714 3146 2123 3239 terrorem3
2172 3146 2388 3221 habes

320 3259 699 3356 supplices»,
719 3258 848 3356 qui,
863 3255 1373 3343 admonentur,
1402 3272 1482 3328 ut
1504 3260 1800 3330 maximi
1833 3259 2166 3332 beneficii
2207 3285 2387 3333 sem-

323 3397 455 3470 per
481 3369 625 3442 sint
652 3393 1009 3466 memores
1044 3374 1144 3465 (v.
1187 3374 1263 3441 34
1283 3372 1385 3465 2).
1416 3370 1694 3443 Verum
1714 3373 1835 3471 qui
1864 3372 2002 3446 hoe
2028 3373 2385 3447 beneficio

324 3486 756 3571 afficiuntur,
811 3508 924 3555 eas
976 3480 1457 3555 condiderunt
1512 3484 1728 3557 urbes
1744 3542 1765 3576 ,
1816 3512 2079 3585 eosque
2103 3485 2385 3560 habue-

328 3613 504 3670 runt
555 3613 923 3696 posterOS,
974 3595 1100 3693 qui
1155 3592 1716 3675 Atheniensibus
1776 3625 1922 3672 non
1973 3600 2226 3690 amici,
2266 3601 2387 3673 sed

409 3789 426 3813 ¹
459 3776 695 3835 Boeckh.
730 3775 946 3832 Groecae
981 3773 1282 3853 tragoedioe
1303 3775 1552 3858 princip.
1593 3775 1772 3852 1808,
1804 3801 1859 3858 p.
1896 3775 2035 3840 188.

408 3884 430 3909 ²
460 3873 705 3937 Boeckh.
743 3874 786 3934 l.
821 3874 863 3931 l.
897 3908 976 3920 —
1008 3871 1260 3947 Lebea·u‚
1304 3873 1342 3931 l.
1373 3874 1411 3931 l·
1444 3897 1500 3953 p.
1549 3874 1685 3939 447.
1723 3877 1994 3957 Hartung
2017 3919 2035 3951 ‚
2073 3876 2389 3957 Euripides

322 3975 622 4060 restitutus
641 4018 656 4046 ,
684 3972 772 4046 ΙΙ,
803 3996 859 4054 p.
888 3975 989 4033 76.
1510 3999 1513 4002 ’
