<?xml version="1.0" encoding="UTF-8"?>
<!DOCTYPE html PUBLIC "-//W3C//DTD XHTML 1.0 Transitional//EN"
    "http://www.w3.org/TR/xhtml1/DTD/xhtml1-transitional.dtd">
<html xmlns="http://www.w3.org/1999/xhtml" xml:lang="en" lang="en">
 <head>
  <title>
</title>
<meta http-equiv="Content-Type" content="text/html;charset=utf-8" />
  <meta name='ocr-system' content='tesseract 3.04.00' />
  <meta name='ocr-capabilities' content='ocr_page ocr_carea ocr_par ocr_line ocrx_word'/>
</head>
<body>
  <div class='ocr_page' id='page_1' title='image "./detragoediarumg00weilgoog_0015.png"; bbox 0 0 3034 5050; ppageno 0'>
   <div class='ocr_carea' id='block_1_1' title="bbox 680 458 2355 529">
    <p class='ocr_par' dir='ltr' id='par_1_1' title="bbox 680 458 2355 529">
     <span class='ocr_line' id='line_1_1' title="bbox 680 458 2355 529; baseline 0.003 -7"><span class='ocrx_word' id='word_1_1' title='bbox 680 474 815 522; x_wconf 72' lang='lat' dir='ltr'>cum</span> <span class='ocrx_word' id='word_1_2' title='bbox 862 477 1066 527; x_wconf 71' lang='lat' dir='ltr'>annus</span> <span class='ocrx_word' id='word_1_3' title='bbox 1111 477 1409 527; x_wconf 68' lang='lat' dir='ltr'>eunucis</span> <span class='ocrx_word' id='word_1_4' title='bbox 1454 458 1971 529; x_wconf 60' lang='lat' dir='ltr'>conmunione.</span> <span class='ocrx_word' id='word_1_5' title='bbox 2320 471 2355 527; x_wconf 80' lang='lat'><strong>3</strong></span> 
     </span>
    </p>
   </div>
   <div class='ocr_carea' id='block_1_2' title="bbox 304 611 2456 4000">
    <p class='ocr_par' dir='ltr' id='par_1_2' title="bbox 304 611 2456 1732">
     <span class='ocr_line' id='line_1_2' title="bbox 306 611 2360 711; baseline 0.002 -31"><span class='ocrx_word' id='word_1_6' title='bbox 306 624 544 705; x_wconf 86' lang='lat' dir='ltr'>potest</span> <span class='ocrx_word' id='word_1_7' title='bbox 577 611 794 682; x_wconf 87' lang='lat' dir='ltr'>etiam</span> <span class='ocrx_word' id='word_1_8' title='bbox 823 618 1329 710; x_wconf 80' lang='lat' dir='ltr'><strong>argumentum</strong></span> <span class='ocrx_word' id='word_1_9' title='bbox 1353 668 1375 701; x_wconf 95' lang='lat'>,</span> <span class='ocrx_word' id='word_1_10' title='bbox 1428 637 1559 711; x_wconf 89' lang='lat' dir='ltr'>per</span> <span class='ocrx_word' id='word_1_11' title='bbox 1593 637 1664 686; x_wconf 92' lang='lat' dir='ltr'>se</span> <span class='ocrx_word' id='word_1_12' title='bbox 1712 614 2028 685; x_wconf 85' lang='lat' dir='ltr'>alienum</span> <span class='ocrx_word' id='word_1_13' title='bbox 2062 640 2098 685; x_wconf 88' lang='lat' dir='ltr'>a</span> <span class='ocrx_word' id='word_1_14' title='bbox 2145 613 2360 685; x_wconf 91' lang='lat' dir='ltr'>rebus</span> 
     </span>
     <span class='ocr_line' id='line_1_3' title="bbox 304 722 2361 826; baseline 0.003 -33"><span class='ocrx_word' id='word_1_15' title='bbox 304 722 639 820; x_wconf 88' lang='lat' dir='ltr'>publicis,</span> <span class='ocrx_word' id='word_1_16' title='bbox 684 725 775 794; x_wconf 78' lang='lat' dir='ltr'>ita</span> <span class='ocrx_word' id='word_1_17' title='bbox 803 726 1338 805; x_wconf 83' lang='lat' dir='ltr'>conformatum</span> <span class='ocrx_word' id='word_1_18' title='bbox 1362 751 1508 799; x_wconf 89' lang='lat' dir='ltr'>esse</span> <span class='ocrx_word' id='word_1_19' title='bbox 1536 754 1573 798; x_wconf 87' lang='lat' dir='ltr'>a</span> <span class='ocrx_word' id='word_1_20' title='bbox 1603 743 1809 825; x_wconf 90' lang='lat' dir='ltr'>poeta</span> <span class='ocrx_word' id='word_1_21' title='bbox 1819 781 1840 815; x_wconf 89' lang='lat'>,</span> <span class='ocrx_word' id='word_1_22' title='bbox 1865 743 1949 798; x_wconf 92' lang='lat' dir='ltr'>ut</span> <span class='ocrx_word' id='word_1_23' title='bbox 1974 724 2361 826; x_wconf 81' lang='lat' dir='ltr'>imaginem</span> 
     </span>
     <span class='ocr_line' id='line_1_4' title="bbox 306 837 2363 940; baseline 0.001 -31"><span class='ocrx_word' id='word_1_24' title='bbox 306 837 668 937; x_wconf 84' lang='lat' dir='ltr'>quandam</span> <span class='ocrx_word' id='word_1_25' title='bbox 698 838 1030 912; x_wconf 80' lang='lat' dir='ltr'>exhibeat</span> <span class='ocrx_word' id='word_1_26' title='bbox 1056 854 1305 911; x_wconf 85' lang='lat' dir='ltr'>eorum</span> <span class='ocrx_word' id='word_1_27' title='bbox 1343 867 1505 940; x_wconf 88' lang='lat' dir='ltr'>quae</span> <span class='ocrx_word' id='word_1_28' title='bbox 1541 857 1693 912; x_wconf 83' lang='lat' dir='ltr'>tum</span> <span class='ocrx_word' id='word_1_29' title='bbox 1728 841 2035 913; x_wconf 84' lang='lat' dir='ltr'>maxime</span> <span class='ocrx_word' id='word_1_30' title='bbox 2069 842 2139 913; x_wconf 90' lang='lat' dir='ltr'>in</span> <span class='ocrx_word' id='word_1_31' title='bbox 2178 841 2363 913; x_wconf 84' lang='lat' dir='ltr'>civi-</span> 
     </span>
     <span class='ocr_line' id='line_1_5' title="bbox 307 952 2365 1053; baseline 0.002 -31"><span class='ocrx_word' id='word_1_32' title='bbox 307 968 451 1024; x_wconf 84' lang='lat' dir='ltr'>tate</span> <span class='ocrx_word' id='word_1_33' title='bbox 502 952 967 1051; x_wconf 71' lang='lat' dir='ltr'><strong>gerebantur,</strong></span> <span class='ocrx_word' id='word_1_34' title='bbox 1018 969 1232 1053; x_wconf 86' lang='lat' dir='ltr'>atque</span> <span class='ocrx_word' id='word_1_35' title='bbox 1269 970 1529 1027; x_wconf 80' lang='lat' dir='ltr'>tectam</span> <span class='ocrx_word' id='word_1_36' title='bbox 1588 970 1663 1026; x_wconf 90' lang='lat' dir='ltr'>et</span> <span class='ocrx_word' id='word_1_37' title='bbox 1722 955 2120 1027; x_wconf 84' lang='lat' dir='ltr'>involutam</span> <span class='ocrx_word' id='word_1_38' title='bbox 2175 954 2249 1026; x_wconf 90' lang='lat' dir='ltr'>in</span> <span class='ocrx_word' id='word_1_39' title='bbox 2290 979 2365 1027; x_wconf 86' lang='lat' dir='ltr'>se</span> 
     </span>
     <span class='ocr_line' id='line_1_6' title="bbox 308 1067 2366 1142; baseline 0.001 -4"><span class='ocrx_word' id='word_1_40' title='bbox 308 1069 680 1138; x_wconf 86' lang='lat' dir='ltr'>contineat</span> <span class='ocrx_word' id='word_1_41' title='bbox 727 1068 991 1139; x_wconf 89' lang='lat' dir='ltr'>civium</span> <span class='ocrx_word' id='word_1_42' title='bbox 1020 1069 1134 1139; x_wconf 88' lang='lat' dir='ltr'>vel</span> <span class='ocrx_word' id='word_1_43' title='bbox 1179 1067 1760 1142; x_wconf 80' lang='lat' dir='ltr'>exhortationem</span> <span class='ocrx_word' id='word_1_44' title='bbox 1789 1069 1903 1141; x_wconf 88' lang='lat' dir='ltr'>vel</span> <span class='ocrx_word' id='word_1_45' title='bbox 1926 1067 2366 1141; x_wconf 88' lang='lat' dir='ltr'>admonitio-</span> 
     </span>
     <span class='ocr_line' id='line_1_7' title="bbox 310 1178 2456 1282; baseline 0.001 -32"><span class='ocrx_word' id='word_1_46' title='bbox 310 1203 476 1250; x_wconf 89' lang='lat' dir='ltr'>nem</span> <span class='ocrx_word' id='word_1_47' title='bbox 496 1209 512 1262; x_wconf 90' lang='lat'><strong>;</strong></span> <span class='ocrx_word' id='word_1_48' title='bbox 544 1196 942 1251; x_wconf 87' lang='lat' dir='ltr'>occurrunt</span> <span class='ocrx_word' id='word_1_49' title='bbox 955 1180 1264 1279; x_wconf 89' lang='lat' dir='ltr'>denique</span> <span class='ocrx_word' id='word_1_50' title='bbox 1296 1181 1368 1252; x_wconf 92' lang='lat' dir='ltr'>in</span> <span class='ocrx_word' id='word_1_51' title='bbox 1394 1180 1769 1280; x_wconf 89' lang='lat' dir='ltr'>tragoediis</span> <span class='ocrx_word' id='word_1_52' title='bbox 1789 1178 2041 1282; x_wconf 79' lang='lat' dir='ltr'>graecis</span> <span class='ocrx_word' id='word_1_53' title='bbox 2060 1182 2364 1280; x_wconf 81' lang='lat' dir='ltr'>singuloe</span> <span class='ocrx_word' id='word_1_54' title='bbox 2453 1184 2456 1187; x_wconf 68' lang='grc'><strong>’</strong></span> 
     </span>
     <span class='ocr_line' id='line_1_8' title="bbox 307 1293 2365 1394; baseline 0.001 -31"><span class='ocrx_word' id='word_1_55' title='bbox 307 1294 565 1390; x_wconf 87' lang='lat' dir='ltr'>passim</span> <span class='ocrx_word' id='word_1_56' title='bbox 593 1294 996 1381; x_wconf 86' lang='lat' dir='ltr'>sententiae,</span> <span class='ocrx_word' id='word_1_57' title='bbox 1034 1293 1292 1366; x_wconf 84' lang='lat' dir='ltr'>fabulae</span> <span class='ocrx_word' id='word_1_58' title='bbox 1325 1311 1755 1392; x_wconf 89' lang='lat' dir='ltr'>argumento</span> <span class='ocrx_word' id='word_1_59' title='bbox 1783 1294 2159 1393; x_wconf 82' lang='lat' dir='ltr'>adspersae,</span> <span class='ocrx_word' id='word_1_60' title='bbox 2202 1320 2365 1394; x_wconf 84' lang='lat' dir='ltr'>quae</span> 
     </span>
     <span class='ocr_line' id='line_1_9' title="bbox 308 1398 2368 1507; baseline 0.001 -30"><span class='ocrx_word' id='word_1_61' title='bbox 308 1431 457 1478; x_wconf 89' lang='lat' dir='ltr'>non</span> <span class='ocrx_word' id='word_1_62' title='bbox 494 1406 582 1478; x_wconf 87' lang='lat' dir='ltr'>ad</span> <span class='ocrx_word' id='word_1_63' title='bbox 619 1432 995 1506; x_wconf 86' lang='lat' dir='ltr'>personas,</span> <span class='ocrx_word' id='word_1_64' title='bbox 1034 1407 1153 1501; x_wconf 86' lang='lat' dir='ltr'>sed</span> <span class='ocrx_word' id='word_1_65' title='bbox 1173 1407 1261 1480; x_wconf 89' lang='lat' dir='ltr'>ad</span> <span class='ocrx_word' id='word_1_66' title='bbox 1286 1425 1718 1506; x_wconf 80' lang='lat' dir='ltr'>spectatores</span> <span class='ocrx_word' id='word_1_67' title='bbox 1744 1409 1982 1506; x_wconf 89' lang='lat' dir='ltr'>potius</span> <span class='ocrx_word' id='word_1_68' title='bbox 2002 1398 2368 1507; x_wconf 79' lang='lat' dir='ltr'>pertinere</span> 
     </span>
     <span class='ocr_line' id='line_1_10' title="bbox 312 1520 2369 1621; baseline 0.001 -32"><span class='ocrx_word' id='word_1_69' title='bbox 312 1520 717 1591; x_wconf 82' lang='lat' dir='ltr'>videantur.</span> <span class='ocrx_word' id='word_1_70' title='bbox 772 1521 877 1592; x_wconf 90' lang='lat' dir='ltr'>De</span> <span class='ocrx_word' id='word_1_71' title='bbox 935 1521 1198 1619; x_wconf 86' lang='lat' dir='ltr'>quibus</span> <span class='ocrx_word' id='word_1_72' title='bbox 1255 1521 1638 1621; x_wconf 85' lang='lat' dir='ltr'>generibus</span> <span class='ocrx_word' id='word_1_73' title='bbox 1698 1523 1998 1621; x_wconf 87' lang='lat' dir='ltr'>singulis</span> <span class='ocrx_word' id='word_1_74' title='bbox 2048 1522 2369 1608; x_wconf 85' lang='lat' dir='ltr'>breviter</span> 
     </span>
     <span class='ocr_line' id='line_1_11' title="bbox 310 1632 1309 1732; baseline 0.001 -26"><span class='ocrx_word' id='word_1_75' title='bbox 310 1634 659 1706; x_wconf 83' lang='lat' dir='ltr'>nonnulla</span> <span class='ocrx_word' id='word_1_76' title='bbox 691 1632 1237 1732; x_wconf 75' lang='lat' dir='ltr'>disputabimus.</span> <span class='ocrx_word' id='word_1_77' title='bbox 1306 1636 1309 1639; x_wconf 67' lang='grc'><strong>’</strong></span> 
     </span>
    </p>

    <p class='ocr_par' dir='ltr' id='par_1_3' title="bbox 311 1746 2379 4000">
     <span class='ocr_line' id='line_1_12' title="bbox 410 1746 2370 1846; baseline 0.001 -30"><span class='ocrx_word' id='word_1_78' title='bbox 410 1748 466 1817; x_wconf 92' lang='lat'>1.</span> <span class='ocrx_word' id='word_1_79' title='bbox 517 1748 842 1817; x_wconf 90' lang='lat' dir='ltr'>Primum</span> <span class='ocrx_word' id='word_1_80' title='bbox 872 1746 1068 1846; x_wconf 85' lang='lat' dir='ltr'>quod</span> <span class='ocrx_word' id='word_1_81' title='bbox 1111 1749 1484 1819; x_wconf 83' lang='lat' dir='ltr'>statuimus</span> <span class='ocrx_word' id='word_1_82' title='bbox 1518 1773 1741 1846; x_wconf 88' lang='lat' dir='ltr'>genus</span> <span class='ocrx_word' id='word_1_83' title='bbox 1783 1773 1933 1820; x_wconf 90' lang='lat' dir='ltr'>non</span> <span class='ocrx_word' id='word_1_84' title='bbox 1967 1748 2104 1819; x_wconf 85' lang='lat' dir='ltr'>late</span> <span class='ocrx_word' id='word_1_85' title='bbox 2138 1749 2370 1846; x_wconf 84' lang='lat' dir='ltr'>patuit</span> 
     </span>
     <span class='ocr_line' id='line_1_13' title="bbox 311 1859 2369 1961; baseline 0.001 -31"><span class='ocrx_word' id='word_1_86' title='bbox 311 1859 500 1957; x_wconf 87' lang='lat' dir='ltr'>apud</span> <span class='ocrx_word' id='word_1_87' title='bbox 550 1876 866 1932; x_wconf 86' lang='lat' dir='ltr'>veteres:</span> <span class='ocrx_word' id='word_1_88' title='bbox 905 1859 994 1933; x_wconf 91' lang='lat' dir='ltr'>de</span> <span class='ocrx_word' id='word_1_89' title='bbox 1033 1862 1115 1933; x_wconf 90' lang='lat' dir='ltr'>iis</span> <span class='ocrx_word' id='word_1_90' title='bbox 1162 1888 1323 1961; x_wconf 86' lang='lat' dir='ltr'>quae</span> <span class='ocrx_word' id='word_1_91' title='bbox 1366 1861 1576 1934; x_wconf 88' lang='lat' dir='ltr'>hodie</span> <span class='ocrx_word' id='word_1_92' title='bbox 1622 1877 1904 1933; x_wconf 82' lang='lat' dir='ltr'>exstant</span> <span class='ocrx_word' id='word_1_93' title='bbox 1935 1862 2191 1934; x_wconf 83' lang='lat' dir='ltr'>sabulis</span> <span class='ocrx_word' id='word_1_94' title='bbox 2225 1888 2369 1933; x_wconf 88' lang='lat' dir='ltr'>una</span> 
     </span>
     <span class='ocr_line' id='line_1_14' title="bbox 316 1973 2371 2070; baseline 0.001 -26"><span class='ocrx_word' id='word_1_95' title='bbox 316 1989 591 2044; x_wconf 85' lang='lat' dir='ltr'>tantum</span> <span class='ocrx_word' id='word_1_96' title='bbox 616 2028 638 2062; x_wconf 92' lang='lat'>,</span> <span class='ocrx_word' id='word_1_97' title='bbox 669 1973 983 2070; x_wconf 80' lang='lat' dir='ltr'>AEschyli</span> <span class='ocrx_word' id='word_1_98' title='bbox 1034 1978 1328 2065; x_wconf 78' lang='lat' dir='ltr'>Persae,</span> <span class='ocrx_word' id='word_1_99' title='bbox 1371 1973 1508 2047; x_wconf 90' lang='lat' dir='ltr'>huc</span> <span class='ocrx_word' id='word_1_100' title='bbox 1550 1974 1961 2060; x_wconf 76' lang='lat' dir='ltr'>referenda3</span> <span class='ocrx_word' id='word_1_101' title='bbox 2023 1977 2371 2047; x_wconf 89' lang='lat' dir='ltr'>innotue-</span> 
     </span>
     <span class='ocr_line' id='line_1_15' title="bbox 311 2088 2371 2189; baseline 0.002 -30"><span class='ocrx_word' id='word_1_102' title='bbox 311 2102 487 2159; x_wconf 89' lang='lat' dir='ltr'>runt</span> <span class='ocrx_word' id='word_1_103' title='bbox 535 2103 887 2186; x_wconf 80' lang='lat' dir='ltr'>praeterea</span> <span class='ocrx_word' id='word_1_104' title='bbox 935 2088 1323 2184; x_wconf 79' lang='lat' dir='ltr'>Phrynichi</span> <span class='ocrx_word' id='word_1_105' title='bbox 1378 2088 1754 2188; x_wconf 78' lang='lat' dir='ltr'>tragoediae</span> <span class='ocrx_word' id='word_1_106' title='bbox 1795 2119 1811 2159; x_wconf 74' lang='grc' dir='ltr'><strong>ε</strong></span> <span class='ocrx_word' id='word_1_107' title='bbox 1852 2089 2079 2160; x_wconf 90' lang='lat' dir='ltr'>Mileti</span> <span class='ocrx_word' id='word_1_108' title='bbox 2133 2114 2371 2189; x_wconf 85' lang='lat' dir='ltr'>expu-</span> 
     </span>
     <span class='ocr_line' id='line_1_16' title="bbox 313 2199 2372 2302; baseline 0 -31"><span class='ocrx_word' id='word_1_109' title='bbox 313 2202 564 2298; x_wconf 88' lang='lat' dir='ltr'>gnatio</span> <span class='ocrx_word' id='word_1_110' title='bbox 595 2216 668 2273; x_wconf 92' lang='lat' dir='ltr'>et</span> <span class='ocrx_word' id='word_1_111' title='bbox 692 2199 1113 2272; x_wconf 80' lang='lat' dir='ltr'>Phoenissae.</span> <span class='ocrx_word' id='word_1_112' title='bbox 1149 2202 1310 2273; x_wconf 86' lang='lat' dir='ltr'>Jam</span> <span class='ocrx_word' id='word_1_113' title='bbox 1337 2225 1513 2273; x_wconf 86' lang='lat' dir='ltr'>vero</span> <span class='ocrx_word' id='word_1_114' title='bbox 1537 2201 1673 2274; x_wconf 93' lang='lat' dir='ltr'>hoc</span> <span class='ocrx_word' id='word_1_115' title='bbox 1708 2202 2112 2274; x_wconf 74' lang='lat' dir='ltr'>fabularum</span> <span class='ocrx_word' id='word_1_116' title='bbox 2151 2228 2372 2302; x_wconf 91' lang='lat' dir='ltr'>genus</span> 
     </span>
     <span class='ocr_line' id='line_1_17' title="bbox 314 2312 2367 2413; baseline 0 -29"><span class='ocrx_word' id='word_1_117' title='bbox 314 2312 468 2385; x_wconf 86' lang='lat' dir='ltr'>fieri</span> <span class='ocrx_word' id='word_1_118' title='bbox 497 2339 647 2387; x_wconf 88' lang='lat' dir='ltr'>non</span> <span class='ocrx_word' id='word_1_119' title='bbox 691 2329 927 2412; x_wconf 85' lang='lat' dir='ltr'>potest</span> <span class='ocrx_word' id='word_1_120' title='bbox 966 2329 1048 2385; x_wconf 90' lang='lat' dir='ltr'>ut</span> <span class='ocrx_word' id='word_1_121' title='bbox 1098 2312 1184 2384; x_wconf 87' lang='lat' dir='ltr'>ad</span> <span class='ocrx_word' id='word_1_122' title='bbox 1240 2338 1394 2385; x_wconf 88' lang='lat' dir='ltr'>rem</span> <span class='ocrx_word' id='word_1_123' title='bbox 1439 2314 1806 2413; x_wconf 83' lang='lat' dir='ltr'>publicam</span> <span class='ocrx_word' id='word_1_124' title='bbox 1850 2341 1998 2388; x_wconf 90' lang='lat' dir='ltr'>non</span> <span class='ocrx_word' id='word_1_125' title='bbox 2055 2330 2367 2413; x_wconf 82' lang='lat' dir='ltr'>spectet3</span> 
     </span>
     <span class='ocr_line' id='line_1_18' title="bbox 317 2408 2375 2528; baseline 0 -30"><span class='ocrx_word' id='word_1_126' title='bbox 317 2451 547 2528; x_wconf 88' lang='lat' dir='ltr'>neque</span> <span class='ocrx_word' id='word_1_127' title='bbox 564 2427 701 2501; x_wconf 89' lang='lat' dir='ltr'>hoc</span> <span class='ocrx_word' id='word_1_128' title='bbox 716 2408 1099 2528; x_wconf 83' lang='lat' dir='ltr'>quisquam</span> <span class='ocrx_word' id='word_1_129' title='bbox 1111 2427 1498 2499; x_wconf 84' lang='lat' dir='ltr'>mirabitur</span> <span class='ocrx_word' id='word_1_130' title='bbox 1524 2459 1540 2499; x_wconf 91' lang='lat'><strong>:</strong></span> <span class='ocrx_word' id='word_1_131' title='bbox 1566 2426 1743 2500; x_wconf 88' lang='lat' dir='ltr'>illud</span> <span class='ocrx_word' id='word_1_132' title='bbox 1760 2429 2055 2499; x_wconf 74' lang='lat' dir='ltr'>sortasse</span> <span class='ocrx_word' id='word_1_133' title='bbox 2071 2426 2375 2499; x_wconf 87' lang='lat' dir='ltr'>admira-</span> 
     </span>
     <span class='ocr_line' id='line_1_19' title="bbox 319 2539 2370 2640; baseline 0 -28"><span class='ocrx_word' id='word_1_134' title='bbox 319 2542 513 2613; x_wconf 89' lang='lat' dir='ltr'>tione</span> <span class='ocrx_word' id='word_1_135' title='bbox 535 2541 876 2640; x_wconf 89' lang='lat' dir='ltr'>dignum,</span> <span class='ocrx_word' id='word_1_136' title='bbox 907 2540 1105 2640; x_wconf 84' lang='lat' dir='ltr'>quod</span> <span class='ocrx_word' id='word_1_137' title='bbox 1123 2542 1240 2613; x_wconf 87' lang='lat' dir='ltr'>vix</span> <span class='ocrx_word' id='word_1_138' title='bbox 1267 2541 1409 2612; x_wconf 78' lang='lat' dir='ltr'>ulla</span> <span class='ocrx_word' id='word_1_139' title='bbox 1454 2540 1932 2612; x_wconf 79' lang='lat' dir='ltr'>inveniuntur</span> <span class='ocrx_word' id='word_1_140' title='bbox 1963 2541 2036 2613; x_wconf 90' lang='lat' dir='ltr'>in</span> <span class='ocrx_word' id='word_1_141' title='bbox 2058 2539 2370 2639; x_wconf 74' lang='lat' dir='ltr'>AEschyli</span> 
     </span>
     <span class='ocr_line' id='line_1_20' title="bbox 315 2651 2367 2753; baseline 0 -29"><span class='ocrx_word' id='word_1_142' title='bbox 315 2655 546 2726; x_wconf 89' lang='lat' dir='ltr'>Persis</span> <span class='ocrx_word' id='word_1_143' title='bbox 578 2709 597 2742; x_wconf 97' lang='lat'>,</span> <span class='ocrx_word' id='word_1_144' title='bbox 637 2680 801 2753; x_wconf 86' lang='lat' dir='ltr'>quae</span> <span class='ocrx_word' id='word_1_145' title='bbox 853 2656 927 2725; x_wconf 90' lang='lat' dir='ltr'>in</span> <span class='ocrx_word' id='word_1_146' title='bbox 981 2654 1294 2751; x_wconf 88' lang='lat' dir='ltr'>partium</span> <span class='ocrx_word' id='word_1_147' title='bbox 1326 2656 1645 2725; x_wconf 74' lang='lat' dir='ltr'>*favorem</span> <span class='ocrx_word' id='word_1_148' title='bbox 1703 2651 1890 2726; x_wconf 86' lang='lat' dir='ltr'>dicta</span> <span class='ocrx_word' id='word_1_149' title='bbox 1959 2653 2367 2727; x_wconf 80' lang='lat' dir='ltr'>videantur.</span> 
     </span>
     <span class='ocr_line' id='line_1_21' title="bbox 317 2765 2374 2867; baseline 0 -30"><span class='ocrx_word' id='word_1_150' title='bbox 317 2768 583 2867; x_wconf 78' lang='lat' dir='ltr'>Agitur</span> <span class='ocrx_word' id='word_1_151' title='bbox 614 2791 725 2839; x_wconf 85' lang='lat' dir='ltr'>res</span> <span class='ocrx_word' id='word_1_152' title='bbox 762 2769 836 2839; x_wconf 87' lang='lat' dir='ltr'>in</span> <span class='ocrx_word' id='word_1_153' title='bbox 877 2767 1182 2852; x_wconf 76' lang='lat' dir='ltr'>ultimiS,</span> <span class='ocrx_word' id='word_1_154' title='bbox 1234 2782 1317 2837; x_wconf 91' lang='lat' dir='ltr'>ut</span> <span class='ocrx_word' id='word_1_155' title='bbox 1359 2765 1547 2864; x_wconf 87' lang='lat' dir='ltr'>apud</span> <span class='ocrx_word' id='word_1_156' title='bbox 1585 2765 2094 2854; x_wconf 85' lang='lat' dir='ltr'>Athenienses,</span> <span class='ocrx_word' id='word_1_157' title='bbox 2135 2783 2374 2838; x_wconf 83' lang='lat' dir='ltr'>terra-</span> 
     </span>
     <span class='ocr_line' id='line_1_22' title="bbox 317 2866 2375 2980; baseline 0 -29"><span class='ocrx_word' id='word_1_158' title='bbox 317 2908 480 2953; x_wconf 84' lang='lat' dir='ltr'>rum</span> <span class='ocrx_word' id='word_1_159' title='bbox 518 2881 883 2980; x_wconf 79' lang='lat' dir='ltr'>partibuS,</span> <span class='ocrx_word' id='word_1_160' title='bbox 924 2905 1015 2952; x_wconf 83' lang='lat' dir='ltr'>ne</span> <span class='ocrx_word' id='word_1_161' title='bbox 1039 2866 1307 2953; x_wconf 76' lang='lat' dir='ltr'>nomen</span> <span class='ocrx_word' id='word_1_162' title='bbox 1348 2879 1637 2979; x_wconf 88' lang='lat' dir='ltr'>quidem</span> <span class='ocrx_word' id='word_1_163' title='bbox 1681 2882 1893 2952; x_wconf 83' lang='lat' dir='ltr'>ullius</span> <span class='ocrx_word' id='word_1_164' title='bbox 1926 2897 2375 2954; x_wconf 87' lang='lat' dir='ltr'>memoratur</span> 
     </span>
     <span class='ocr_line' id='line_1_23' title="bbox 317 2993 2372 3093; baseline -0.001 -27"><span class='ocrx_word' id='word_1_165' title='bbox 317 2995 748 3068; x_wconf 79' lang='lat' dir='ltr'>Graecorum</span> <span class='ocrx_word' id='word_1_166' title='bbox 803 2993 1036 3080; x_wconf 75' lang='lat' dir='ltr'>duciS,</span> <span class='ocrx_word' id='word_1_167' title='bbox 1092 2996 1257 3066; x_wconf 85' lang='lat' dir='ltr'>visis</span> <span class='ocrx_word' id='word_1_168' title='bbox 1304 2995 1679 3067; x_wconf 88' lang='lat' dir='ltr'>nocturnis</span> <span class='ocrx_word' id='word_1_169' title='bbox 1740 2993 2161 3093; x_wconf 86' lang='lat' dir='ltr'>diurnisque</span> <span class='ocrx_word' id='word_1_170' title='bbox 2210 3019 2372 3065; x_wconf 89' lang='lat' dir='ltr'>cum</span> 
     </span>
     <span class='ocr_line' id='line_1_24' title="bbox 318 3106 2373 3207; baseline -0.001 -26"><span class='ocrx_word' id='word_1_171' title='bbox 318 3109 531 3181; x_wconf 88' lang='lat' dir='ltr'>rebus</span> <span class='ocrx_word' id='word_1_172' title='bbox 566 3108 896 3199; x_wconf 66' lang='lat' dir='ltr'>mythicis</span> <span class='ocrx_word' id='word_1_173' title='bbox 933 3134 1124 3180; x_wconf 87' lang='lat' dir='ltr'>verae</span> <span class='ocrx_word' id='word_1_174' title='bbox 1160 3136 1272 3179; x_wconf 89' lang='lat' dir='ltr'>res</span> <span class='ocrx_word' id='word_1_175' title='bbox 1314 3124 1811 3207; x_wconf 80' lang='lat' dir='ltr'>exaequantur,</span> <span class='ocrx_word' id='word_1_176' title='bbox 1852 3106 2100 3178; x_wconf 79' lang='lat' dir='ltr'>divino</span> <span class='ocrx_word' id='word_1_177' title='bbox 2127 3110 2373 3179; x_wconf 89' lang='lat' dir='ltr'>consi-</span> 
     </span>
     <span class='ocr_line' id='line_1_25' title="bbox 317 3219 2374 3321; baseline 0 -28"><span class='ocrx_word' id='word_1_178' title='bbox 317 3223 418 3294; x_wconf 87' lang='lat' dir='ltr'>lio</span> <span class='ocrx_word' id='word_1_179' title='bbox 453 3223 610 3320; x_wconf 84' lang='lat' dir='ltr'>plus</span> <span class='ocrx_word' id='word_1_180' title='bbox 663 3248 880 3321; x_wconf 88' lang='lat' dir='ltr'>quam</span> <span class='ocrx_word' id='word_1_181' title='bbox 916 3222 1250 3293; x_wconf 88' lang='lat' dir='ltr'>humanae</span> <span class='ocrx_word' id='word_1_182' title='bbox 1286 3219 1633 3292; x_wconf 83' lang='lat' dir='ltr'>tribuitur</span> <span class='ocrx_word' id='word_1_183' title='bbox 1677 3221 1788 3292; x_wconf 85' lang='lat' dir='ltr'>vel</span> <span class='ocrx_word' id='word_1_184' title='bbox 1839 3222 2203 3318; x_wconf 84' lang='lat' dir='ltr'>sapientiae</span> <span class='ocrx_word' id='word_1_185' title='bbox 2259 3222 2374 3294; x_wconf 86' lang='lat' dir='ltr'>vel</span> 
     </span>
     <span class='ocr_line' id='line_1_26' title="bbox 315 3333 2374 3427; baseline 0 -21"><span class='ocrx_word' id='word_1_186' title='bbox 315 3336 752 3408; x_wconf 85' lang='lat' dir='ltr'>fortitudini.</span> <span class='ocrx_word' id='word_1_187' title='bbox 811 3335 1089 3427; x_wconf 87' lang='lat' dir='ltr'>Quibus</span> <span class='ocrx_word' id='word_1_188' title='bbox 1136 3335 1348 3406; x_wconf 87' lang='lat' dir='ltr'>rebus</span> <span class='ocrx_word' id='word_1_189' title='bbox 1401 3333 1719 3406; x_wconf 89' lang='lat' dir='ltr'>adducor</span> <span class='ocrx_word' id='word_1_190' title='bbox 1751 3349 1831 3405; x_wconf 92' lang='lat' dir='ltr'>ut</span> <span class='ocrx_word' id='word_1_191' title='bbox 1878 3359 2023 3406; x_wconf 93' lang='lat' dir='ltr'>non</span> <span class='ocrx_word' id='word_1_192' title='bbox 2062 3335 2374 3406; x_wconf 86' lang='lat' dir='ltr'>haeream</span> 
     </span>
     <span class='ocr_line' id='line_1_27' title="bbox 324 3445 2374 3547; baseline 0 -28"><span class='ocrx_word' id='word_1_193' title='bbox 324 3452 396 3520; x_wconf 87' lang='lat' dir='ltr'>in</span> <span class='ocrx_word' id='word_1_194' title='bbox 427 3475 501 3521; x_wconf 87' lang='lat' dir='ltr'>ea</span> <span class='ocrx_word' id='word_1_195' title='bbox 526 3505 548 3538; x_wconf 94' lang='lat'>,</span> <span class='ocrx_word' id='word_1_196' title='bbox 575 3476 737 3547; x_wconf 85' lang='lat' dir='ltr'>quae</span> <span class='ocrx_word' id='word_1_197' title='bbox 760 3477 797 3521; x_wconf 91' lang='lat' dir='ltr'>a</span> <span class='ocrx_word' id='word_1_198' title='bbox 828 3450 1004 3520; x_wconf 84' lang='lat' dir='ltr'>viris</span> <span class='ocrx_word' id='word_1_199' title='bbox 1029 3447 1258 3520; x_wconf 72' lang='lat' dir='ltr'>doctis</span> <span class='ocrx_word' id='word_1_200' title='bbox 1280 3463 1524 3520; x_wconf 89' lang='lat' dir='ltr'>notata</span> <span class='ocrx_word' id='word_1_201' title='bbox 1551 3464 1655 3520; x_wconf 88' lang='lat' dir='ltr'>est</span> <span class='ocrx_word' id='word_1_202' title='bbox 1673 3502 1692 3533; x_wconf 93' lang='lat'>,</span> <span class='ocrx_word' id='word_1_203' title='bbox 1720 3449 1911 3519; x_wconf 87' lang='lat' dir='ltr'>inter</span> <span class='ocrx_word' id='word_1_204' title='bbox 1959 3445 2374 3545; x_wconf 80' lang='lat' dir='ltr'>AEschylum</span> 
     </span>
     <span class='ocr_line' id='line_1_28' title="bbox 320 3559 2377 3660; baseline -0.001 -25"><span class='ocrx_word' id='word_1_205' title='bbox 320 3580 393 3635; x_wconf 90' lang='lat' dir='ltr'>et</span> <span class='ocrx_word' id='word_1_206' title='bbox 443 3564 888 3635; x_wconf 86' lang='lat' dir='ltr'>Herodotum</span> <span class='ocrx_word' id='word_1_207' title='bbox 952 3562 1454 3659; x_wconf 86' lang='lat' dir='ltr'>discrepantia.</span> <span class='ocrx_word' id='word_1_208' title='bbox 1513 3559 1854 3632; x_wconf 87' lang='lat' dir='ltr'>Aristides</span> <span class='ocrx_word' id='word_1_209' title='bbox 1909 3560 2104 3633; x_wconf 89' lang='lat' dir='ltr'>enim</span> <span class='ocrx_word' id='word_1_210' title='bbox 2137 3585 2377 3660; x_wconf 69' lang='lat' dir='ltr'>⁸quum</span> 
     </span>
     <span class='ocr_line' id='line_1_29' title="bbox 323 3675 2379 3774; baseline 0 -27"><span class='ocrx_word' id='word_1_211' title='bbox 323 3677 752 3774; x_wconf 79' lang='lat' dir='ltr'>praeclarum</span> <span class='ocrx_word' id='word_1_212' title='bbox 790 3703 967 3774; x_wconf 91' lang='lat' dir='ltr'>opus</span> <span class='ocrx_word' id='word_1_213' title='bbox 1000 3675 1306 3772; x_wconf 81' lang='lat' dir='ltr'>ediderit</span> <span class='ocrx_word' id='word_1_214' title='bbox 1345 3676 1418 3746; x_wconf 90' lang='lat' dir='ltr'>in</span> <span class='ocrx_word' id='word_1_215' title='bbox 1455 3675 1783 3772; x_wconf 75' lang='lat' dir='ltr'>Psytallia</span> <span class='ocrx_word' id='word_1_216' title='bbox 1830 3675 2055 3745; x_wconf 80' lang='lat' dir='ltr'>insula</span> <span class='ocrx_word' id='word_1_217' title='bbox 2094 3676 2379 3773; x_wconf 90' lang='lat' dir='ltr'>primo-</span> 
     </span>
     <span class='ocr_line' id='line_1_30' title="bbox 321 3785 2376 3875; baseline -0.001 -17"><span class='ocrx_word' id='word_1_218' title='bbox 321 3787 524 3861; x_wconf 90' lang='lat' dir='ltr'>ribus</span> <span class='ocrx_word' id='word_1_219' title='bbox 556 3790 957 3860; x_wconf 78' lang='lat' dir='ltr'>‘Persarum</span> <span class='ocrx_word' id='word_1_220' title='bbox 1014 3786 1567 3875; x_wconf 84' lang='lat' dir='ltr'>obtruncandiS,</span> <span class='ocrx_word' id='word_1_221' title='bbox 1634 3785 1984 3873; x_wconf 85' lang='lat' dir='ltr'>breviter,</span> <span class='ocrx_word' id='word_1_222' title='bbox 2049 3785 2167 3857; x_wconf 91' lang='lat' dir='ltr'>sed</span> <span class='ocrx_word' id='word_1_223' title='bbox 2227 3810 2376 3858; x_wconf 87' lang='lat' dir='ltr'>non</span> 
     </span>
     <span class='ocr_line' id='line_1_31' title="bbox 325 3898 2378 4000; baseline -0.001 -29"><span class='ocrx_word' id='word_1_224' title='bbox 325 3903 477 3972; x_wconf 89' lang='lat' dir='ltr'>sine</span> <span class='ocrx_word' id='word_1_225' title='bbox 535 3928 788 4000; x_wconf 89' lang='lat' dir='ltr'>magna</span> <span class='ocrx_word' id='word_1_226' title='bbox 852 3901 1217 3973; x_wconf 75' lang='lat' dir='ltr'>fortissimi</span> <span class='ocrx_word' id='word_1_227' title='bbox 1264 3900 1400 3973; x_wconf 88' lang='lat' dir='ltr'>viri</span> <span class='ocrx_word' id='word_1_228' title='bbox 1450 3898 1696 3988; x_wconf 85' lang='lat' dir='ltr'>laude,</span> <span class='ocrx_word' id='word_1_229' title='bbox 1756 3899 1893 3972; x_wconf 88' lang='lat' dir='ltr'>hoc</span> <span class='ocrx_word' id='word_1_230' title='bbox 1954 3901 2378 3997; x_wconf 84' lang='lat' dir='ltr'>perstrinxit</span> 
     </span>
    </p>
   </div>
  </div>
 </body>
</html>
