3034 5050
681 514 815 562 CUM
866 514 1068 561 RBBUS
1114 511 1410 562 PUBLlClS
1455 513 1968 563 CONJUNCTIONE.
2274 507 2355 561 27

301 643 738 743 indulgentis
765 700 786 735 ‚
825 645 915 717 ad
935 647 1372 743 suspiciones
1400 647 1742 743 proclivis
1760 701 1781 736 ‚
1813 663 2160 721 notantur
2189 649 2357 719 vitia

301 748 887 847 Atheniensium;
916 757 1039 830 ubi
1067 758 1246 830 illud
1267 760 1623 857 imprimis
1643 786 1781 858 pro
1797 761 2070 833 Pericle
2083 760 2358 832 dictum

300 895 445 941 esse
473 870 659 960 vult,
693 871 891 971 quod
911 871 1190 945 Chorus
1209 889 1486 963 monet,
1518 898 1615 945 ne
1640 882 1856 972 ἐναγὴς
1876 882 2044 973 φίλος
2062 872 2357 945 dubiam

300 981 397 1054 ob
464 1009 746 1056 causam
799 984 1349 1058 condemnetur.
1412 982 1932 1058 Gravissimum
1983 1011 2160 1060 vero
2222 986 2361 1057 Al-

300 1096 868 1169 cmaeonidarum
896 1098 1146 1187 sceluS‚
1178 1098 1376 1197 quod
1402 1100 1614 1172 nobis
1636 1124 1926 1198 quoque
1947 1116 2144 1171 tanta
2176 1101 2357 1171 mala

303 1209 777 1307 portenderit.
836 1211 1291 1312 Ubicumque
1356 1215 1556 1285 enim
1622 1215 1697 1284 in
1770 1212 2145 1312 tragoediis
2215 1239 2357 1286 vox

301 1328 520 1420 ἐναγής
553 1322 817 1421 legitur
840 1379 861 1411 ‚
902 1325 1100 1398 illico
1131 1324 1480 1397 Periclem
1501 1323 1906 1397 odorantur
1933 1326 2363 1423 interpretes

303 1436 754 1533 sagacissimi.
810 1439 1059 1536 Itaque
1096 1439 1383 1538 utrique
1423 1437 1715 1537 OEdipo
1769 1438 2120 1511 Periclem
2168 1437 2362 1510 vides

304 1548 716 1621 immixtum
737 1580 760 1640 3
799 1551 1113 1649 ejusdem
1146 1552 1508 1649 piaculum
1548 1552 1624 1623 in
1657 1549 1974 1648 AEschyli
1999 1551 2361 1623 Eumeni-

300 1658 511 1735 dibus
537 1666 641 1758 (v.
680 1665 859 1760 370)
894 1663 1379 1762 significatum
1404 1689 1552 1736 esse
1577 1665 1856 1736 censuit
1889 1664 2319 1760 Droysenius
2335 1692 2357 1752 ;

302 1772 499 1872 quod
536 1800 629 1846 ne
673 1775 764 1847 ab
791 1776 1134 1875 Euripide
1166 1778 1481 1849 alienum
1508 1802 1658 1849 esse
1683 1793 1915 1875 putes,
1948 1778 2362 1876 Hartungus

306 1912 539 1985 nuper
561 1888 743 1960 vidit
776 1890 851 1961 in
876 1889 1271 1961 Heraclidis
1292 1890 1497 1962 alteri
1524 1889 1798 1988 populo
1824 1888 2175 1962 abaltero
2202 1892 2363 1987 pia-

304 2001 464 2073 cula
503 2001 960 2100 exprobrari,
990 2001 1078 2074 ad
1115 2002 1287 2075 belli
1316 2002 1907 2101 Peloponnesiaci
1942 2002 2364 2074 similitudi-

308 2139 475 2186 nem
509 2131 560 2186 ¹.

405 2224 542 2299 Sed
606 2225 969 2299 videamus
1036 2226 1191 2300 hoec
1261 2227 1666 2325 explicandi
1733 2231 1919 2302 ratio
1996 2226 2363 2330 quomodo

302 2338 729 2412 adhibeatur
753 2338 841 2411 ad
863 2364 977 2411 eas
998 2339 1300 2432 sabulm,
1327 2340 1416 2414 de
1442 2368 1749 2441 quarum
1778 2359 2107 2440 tempore
2131 2340 2367 2412 diser-

305 2470 461 2524 tum
491 2469 720 2527 exstat
740 2468 1072 2527 veterum
1100 2455 1591 2529 testimonium
1608 2485 1628 2545 3
1657 2472 1813 2527 tum
1836 2454 2157 2544 demum,
2188 2452 2365 2554 quid

308 2567 535 2639 valeat
568 2567 658 2639 ad
703 2568 1150 2667 1·eliquarum
1175 2567 1582 2641 fabularum
1621 2584 1949 2667 tempora
1982 2569 2365 2641 invenien-

303 2680 391 2752 da
417 2735 439 2769 ,
487 2679 859 2779 dijudicari
897 2682 1193 2779 poterit.
1252 2685 1639 2780 Antigona
1679 2681 1867 2755 edita
1930 2681 2365 2781 Sophoclem

216 2857 221 2861 ,
305 2792 475 2866 belli
511 2794 729 2866 Samii
762 2792 1022 2867 ducem
1070 2795 1160 2867 ab
1194 2794 1753 2868 Atheniensibus
1803 2811 2124 2896 creatum
2174 2799 2394 2880 esse,'

306 2909 500 2980 inter
551 2933 802 2980 omnes
847 2924 1153 2980 constat.
1207 2908 1358 2980 Cur
1413 2925 1691 2981 creatus
1731 2909 1824 2980 sit
1844 2963 1865 2995 ,
1913 2936 1951 2980 a
2002 2907 2366 3010 Schoellio

304 3019 731 3110 edocemur,
770 3022 896 3120 qui
929 3019 1206 3098 bellum
1232 3022 1551 3093 Samium
1588 3021 1719 3094 hac
1739 3020 1975 3094 sabula
2004 3047 2369 3094 commen-

306 3133 461 3206 dari
511 3134 921 3233 perspicere
966 3133 1097 3206 sibi
1146 3136 1335 3208 visus
1395 3151 1501 3207 est
1538 3149 1588 3206 ².
1630 3134 1782 3228 Qua
1825 3135 1902 3207 in
1941 3159 2021 3205 re
2052 3134 2366 3206 demon-

306 3246 593 3319 stranda
625 3249 719 3319 ita
755 3263 1103 3320 versatur.
1126 3248 1308 3320 Belli
1346 3248 1800 3346 instigatores
1829 3249 2123 3320 suerunt
2152 3246 2370 3317 Mile-

306 3361 390 3432 sii
409 3415 430 3450 ,
455 3361 724 3459 quippe
741 3360 865 3459 qui
884 3358 1435 3433 Atheniensium
1451 3387 1588 3435 con
1599 3377 1707 3434 tra
1726 3362 2000 3435 Samios
2019 3360 2371 3433 auxilium

304 3474 821 3571 implorarent;
848 3473 1134 3572 Aspasia
1165 3490 1405 3547 autem
1424 3476 1649 3548 Mileti
1676 3491 1834 3547 erat
1858 3491 2045 3546 nata.
2074 3475 2370 3547 Poterat

310 3587 535 3684 igitur
564 3587 874 3660 Pericles
906 3585 1135 3659 videri
1176 3588 1249 3659 in
1280 3588 1593 3687 Aspasiae
1624 3591 1931 3689 gratiam
1958 3588 2164 3688 hujus
2199 3585 2370 3659 belli

395 3760 414 3785 ¹
459 3743 723 3830 Droysen
747 3794 762 3821 ‚
803 3750 1219 3831 Uebersetzung
1248 3752 1350 3810 des
1380 3751 1714 3834 Aisclzylos.
1764 3752 1957 3811 Berlin
1989 3796 2006 3822 ‚
2055 3749 2236 3810 1842.
2269 3773 2369 3792 ·--·

308 3847 581 3927 Hartung
600 3895 617 3925 ,
645 3848 959 3929 Euripides
988 3849 1303 3908 restitutus.
1350 3849 1565 3909 Hamb.
1601 3848 1781 3924 1844,
1817 3849 1841 3906 l
1867 3894 1883 3923 ‚
1917 3871 1975 3928 p.
2008 3849 2125 3907 288
2156 3867 2284 3927 sqq·

397 3952 419 3978 ⁸
461 3943 708 4019 Schoell,
737 3944 772 4003 l.
801 3946 838 4003 l.
866 3969 925 4025 p.
960 3944 1073 4005 134
1101 3968 1224 4026 sqq.
