3034 5050
681 470 719 526 2
729 469 765 524 2
1198 479 1283 524 DE
1330 476 1811 524 TRAGOEDIAUM
1858 470 2236 524 GRAEGARUM

675 608 1033 682 Thebanis
1119 608 1414 680 immissi
1478 608 1762 706 egregia
1823 605 2240 704 descriptio.
2304 599 2741 674 Jamdudum

675 721 1341 794 animadverterunt
1388 718 1806 808 viri‘docti,
1860 721 1933 791 in
1979 719 2253 818 tragico
2296 715 2434 789 hoe
2480 713 2741 787 morbo

676 834 1097 908 exornando
1121 834 1220 907 ob
1256 833 1503 907 oculos
1543 849 1900 905 versatum
1928 857 2074 904 esse
2112 829 2450 928 Sophocli
2487 853 2742 900 verum

678 949 885 1020 illum
948 948 1329 1036 morbum,
1388 948 1513 1046 qui
1565 946 1867 1024 Athenis
1924 945 2098 1018 belli
2156 942 2740 1041 Peloponnesiaci

679 1062 888 1134 initio
909 1079 1196 1134 coortus
1218 1077 1367 1131 est:
1401 1060 1580 1159 quin
1611 1060 1987 1132 nonnullis
2023 1084 2170 1131 non
2200 1059 2291 1128 ita
2323 1056 2556 1127 multo
2582 1070 2743 1152 post

675 1174 913 1245 sabula
967 1173 1176 1247 docta
1205 1198 1353 1245 esse
1389 1171 1793 1245 videbatur.
1844 1173 2007 1242 Jam
2056 1195 2233 1242 vero
2284 1170 2741 1240 Hermannus

677 1276 1026 1384 proximis
1073 1287 1314 1358 statim
1348 1301 1510 1383 post
1550 1285 2032 1382 pestilentiam
2063 1282 2417 1378 Dionysiis
2453 1279 2743 1377 Sopho-

680 1399 908 1471 cleam
950 1398 1385 1499 tragoediam
1444 1399 1865 1497 assignavit,
1932 1398 2146 1496 atque
2199 1395 2383 1466 hanc
2429 1395 2742 1492 primam

679 1528 929 1584 nactus
956 1512 1445 1585 similitudinis
1479 1518 1678 1612 quasi
1720 1536 1991 1599 ansam,
2030 1510 2248 1580 etiam
2302 1507 2588 1607 reliquo
2630 1508 2742 1578 sa·-

678 1622 871 1696 bulae
904 1641 1336 1723 argumento
1367 1624 1651 1697 subesse
1684 1622 2140 1722 publicarum
2172 1645 2421 1692 rerum
2460 1619 2743 1718 signifi-

681 1739 1037 1809 cationem
1086 1739 1586 1812 demonstrare
1653 1753 1949 1810 conatus
2006 1750 2135 1807 est.
2177 1733 2418 1807 Morbi
2480 1760 2682 1806 causa
2717 1789 2738 1821 ,

683 1850 934 1948 tragici
970 1850 1296 1949 OEdipus
1319 1868 1424 1924 est
1454 1850 1735 1948 piaculo
1755 1849 2178 1934 obstrictus,
2209 1848 2361 1919 veri
2387 1848 2699 1920 Pericles
2718 1903 2738 1934 ,

682 1966 738 2035 si
771 1989 917 2036 non
941 1990 1094 2054 suo,
1114 1981 1186 2035 at
1202 1965 1561 2064 majorum
1583 1964 1876 2050 scelere,
1896 1960 2029 2032 diis
2060 1961 2351 2032 invisuS.
2383 1960 2482 2031 Et
2508 1959 2747 2030 OEdi-

680 2102 814 2174 pus
848 2092 922 2146 et
954 2077 1262 2150 Pericles
1294 2078 1664 2175 sapientiae
1699 2073 1902 2147 laude
1936 2072 2382 2160 floruerunt,
2414 2071 2505 2143 ab
2536 2090 2743 2144 utro-

614 2180 627 2201 *
682 2214 822 2287 que
867 2190 944 2261 in
971 2191 1170 2263 omni
1215 2191 1652 2275 calamitate,
1696 2205 2061 2286 tamquam
2088 2214 2125 2257 a
2167 2185 2349 2276 deo,
2390 2187 2744 2258 auxilium

681 2304 989 2402 populus
1029 2300 1441 2401 expetebat,
1496 2300 1959 2397 oraculorum
2013 2324 2406 2397 rerumque
2448 2298 2746 2370 divina-

683 2443 849 2488 rum
885 2433 1187 2515 uterque
1244 2431 1398 2486 erat
1450 2430 1936 2511 conoemptor.
2001 2413 2292 2485 Monuit
2344 2412 2568 2510 igitur
2611 2410 2746 2484 hac

680 2528 918 2601 fabula
950 2546 1197 2627 poeta,
1262 2555 1352 2601 ne
1388 2529 1693 2627 amplius
1742 2543 2216 2628 sequerentur
2271 2526 2746 2598 Athenienses

680 2641 976 2713 Periclis
1010 2642 1330 2729 consilia,
1358 2666 1540 2713 neve
1554 2641 2118 2729 committerent,
2151 2655 2235 2711 ut
2258 2665 2337 2713 ea
2374 2666 2512 2739 qua
2544 2640 2747 2737 prin·

622 2772 626 2777 ’
681 2778 844 2849 ceps
901 2753 1265 2825 laboraret
1323 2754 1531 2850 culpa
1596 2755 1834 2826 omnis
1903 2753 2148 2825 civitas
2213 2753 2737 2851 implicaretur.

679 2865 930 2963 Neque
956 2865 1283 2963 profecto
1309 2865 1556 2964 sugere
1581 2867 1818 2963 potuit
1844 2882 2281 2963 spectatores
2312 2881 2546 2964 poetae
2575 2891 2745 2937 con-

677 2976 943 3048 silium.
984 2974 1326 3049 Solebant
1357 2978 1555 3049 enim
1587 2995 1862 3051 veteres
1891 2979 2135 3051 omnia
2166 3005 2329 3077 quae
2358 2979 2643 3077 gravius
2671 2995 2742 3050 et

681 3090 1083 3162 inusitatius
1143 3089 1589 3180 acciderent,
1640 3091 1944 3165 deorum
1973 3094 2104 3165 irae
2132 3090 2573 3178 attribuere3
2593 3094 2741 3189 jam

547 3280 568 3303 ·
675 3225 852 3274 vero
879 3201 1104 3273 scelus
1138 3202 1317 3274 illud
1343 3202 1726 3299 Cylonium
1754 3205 1996 3301 paucis
2021 3220 2189 3275 ante
2220 3202 2427 3273 annis
2451 3229 2486 3273 a
2515 3205 2743 3274 Lace-

674 3312 1053 3385 daemoniis
1080 3313 1336 3386 Pericli
1371 3313 1893 3412 exprobratum
1914 3331 2103 3407 erat,
2133 3331 2205 3387 et
2231 3312 2734 3402 AthenienseS,

674 3450 813 3522 qua
848 3442 1056 3497 erant
1088 3427 1631 3524 superstitione,
1665 3429 2086 3527 gravissimo
2124 3427 2317 3499 malo
2366 3443 2519 3497 tum
2547 3444 2741 3499 tem-

673 3538 869 3632 poris
923 3537 1367 3627 afflictante,
1442 3540 1758 3639 antiquae
1828 3541 2015 3612 illius
2069 3527 2746 3612 Alcmaeonidarum'

672 3651 972 3719 maculae
1010 3650 1420 3723 recordatos
1450 3676 1597 3723 esse
1633 3670 2194 3726 consentaneum
2232 3670 2362 3725 est.

769 3760 921 3832 Diei
954 3760 1072 3830 vix
1108 3778 1343 3858 potest
1377 3781 1736 3861 quantum
1764 3765 1918 3838 haec
1952 3768 2372 3866 conjectura.
2405 3768 2577 3838 viris
2611 3767 2741 3842 do-

672 3872 802 3942 ctis
852 3872 1214 3962 arriserit,
1269 3875 1537 3973 quippe
1586 3903 1724 3975 qua
1762 3879 2148 3967 efficiatur,
2189 3877 2384 3977 quod
2421 3880 2740 3953 maxime
