3034 5050
645 464 681 519 6
1133 472 1220 519 DE
1266 471 1793 527 TRAGOEDIARUM
1836 472 2215 520 GRAECARUM

644 603 755 675 vel
782 626 1037 675 eorum
1066 604 1189 700 qui
1223 601 1494 677 fabulas
1525 603 1967 702 spectabant,
2007 606 2122 678 vel
2155 606 2543 694 sociorum,
2581 604 2694 676 vel

645 715 985 787 hostium.
1018 714 1210 808 Quin
1245 714 1345 786 dii
1381 716 1512 814 ipsi
1551 742 1700 793 non
1731 718 2012 816 generis
2047 717 2341 790 humani
2370 733 2538 790 sunt
2562 715 2690 802 dii,

641 829 762 902 sed
784 856 1186 929 graecarum
1216 827 1510 901 urbium
1542 830 1689 902 sive
1723 829 2131 904 conditores
2156 885 2176 918 ,
2210 833 2357 904 sive
2382 831 2691 929 patroni.

639 943 1021 1015 Pertinent
1047 943 1270 1041 igitur
1293 941 1382 1013 ad
1418 941 1659 1013 laudes
1685 943 1937 1039 patriae
1973 934 2408 1044 civiumque,
2443 944 2695 1042 passim

642 1059 857 1130 etiam
892 1055 981 1128 ad
1008 1055 1325 1128 hostium
1353 1052 1986 1145 obtrectationem,
2024 1055 2286 1129 sahulae
2325 1059 2522 1155 ipsae.
2544 1056 2698 1149 Qua

645 1174 719 1243 in
775 1195 862 1242 re
911 1167 1088 1241 illud
1139 1183 1395 1242 notatu
1427 1167 1730 1266 dignum
1779 1185 1927 1256 est,
1987 1170 2185 1259 quod
2236 1169 2609 1266 AEschylus
2661 1195 2699 1240 e

641 1285 1038 1357 multarum
1100 1306 1502 1380 graecarum
1560 1280 1856 1352 urbium
1893 1282 2207 1379 mythice
2253 1282 2550 1355 historia
2608 1284 2704 1353 sa-

551 1403 555 1407 ’
641 1399 981 1471 bularum
1050 1421 1340 1468 suarum
1394 1412 1820 1494 argumenta
1856 1396 2108 1493 petiit,
2180 1396 2571 1495 Sophocles
2632 1412 2705 1468 et

639 1509 1024 1611 Euripides
1111 1509 1354 1608 plures
1421 1509 1795 1608 tragoediis
1851 1526 2390 1583 exornaverunt
2454 1510 2703 1582 atticas

654 1627 923 1698 fabulas
969 1641 1021 1696 ¹.
1052 1622 1323 1696 Videor
1372 1621 1551 1695 mihi
1589 1622 1791 1722 hujus
1832 1626 1935 1695 rei
1973 1625 2329 1697 rationem
2377 1623 2703 1696 invenire

648 1740 723 1811 in
807 1737 1101 1810 diversis
1171 1733 1438 1834 quibus
1515 1752 1748 1834 poetae
1811 1737 2154 1809 vixerunt
2222 1735 2697 1834 temporibus·

647 1850 1019 1948 AEschylus
1040 1849 1234 1921 enim
1259 1901 1278 1933 ,
1307 1849 1807 1923 Marathonius
1828 1852 2031 1923 miles
2048 1906 2069 1940 ‚
2097 1851 2369 1948 majore
2390 1847 2705 1949 quodam

646 1966 917 2053 animo,
959 1963 1217 2034 Atticae
1249 1960 1428 2034 fines
1461 1988 2142 2062 egressus,·omnem
2177 1962 2310 2036 sibi
2346 1963 2703 2036 Graeciam

645 2079 951 2177 patriam
986 2101 1131 2148 esse
1164 2077 1596 2148 existimavit
1628 2107 1644 2146 z
1678 2092 1832 2148 erat
1884 2078 2080 2147 enim
2116 2078 2263 2175 ejus
2290 2076 2518 2148 aetatis
2562 2101 2704 2174 qua

646 2193 760 2264 vel
786 2191 1098 2263 maxime
1118 2215 1343 2261 unum
1366 2214 1440 2261 se
1467 2214 1614 2262 esse
1646 2191 1994 2287 populum
2035 2193 2252 2262 variae
2279 2190 2706 2262 Groeeorum

647 2321 892 2406 gentes
927 2320 999 2376 et
1022 2328 1101 2375 re
1127 2303 1803 2374 demonstraverant
1824 2302 2160 2395 Barbaris
2187 2319 2260 2375 et
2295 2304 2422 2402 ipsi
2460 2303 2706 2374 animo

646 2434 1039 2491 senserant.
1109 2416 1286 2509 Quae
1361 2415 1844 2514 pulcherrima
1918 2416 2297 2490 concordis
2398 2415 2702 2488 Graeciae

648 2551 972 2630 tempora
1009 2556 1184 2602 mox
1208 2546 1688 2616 evanuerunt,
1730 2546 1836 2618 ut,
1876 2532 2242 2602 communi
2272 2530 2471 2603 hoste
2496 2554 2535 2601 e
2567 2556 2702 2627 pa-

651 2645 811 2717 triae
854 2643 1120 2715 finibus
1152 2644 1381 2741 ejecto
1405 2696 1426 2731 ‚
1467 2658 1740 2714 veteres
1775 2641 2154 2715 discordiae
2193 2669 2439 2715 rursus
2473 2667 2708 2714 nasce-

650 2773 910 2830 rentur
968 2773 1040 2828 et
1075 2755 1311 2829 acrius
1363 2754 1933 2828 exardescerent.
1996 2756 2234 2847 Quam.
2260 2755 2359 2828 ob
2392 2780 2544 2828 rem
2574 2755 2706 2826 So-

648 2870 939 2968 phocles
963 2923 982 2956 ,
1026 2869 1337 2939 arctiore
1364 2893 1612 2939 rursus
1649 2868 1771 2941 ille
1810 2869 2042 2967 patria
2069 2895 2230 2940 usus
2255 2923 2276 2958 ,
2334 2867 2422 2940 ad
2457 2869 2703 2940 atticas

647 2981 919 3055 fabulas
956 2977 1357 3053 tractandas
1392 2981 1733 3053 animum
1786 2984 2064 3080 appulit
2094 3011 2116 3072 3
2154 2982 2574 3081 Euripides,
2626 2998 2707 3053 ut

649 3098 771 3197 qui
809 3093 1056 3170 odium
1080 3093 1793 3169 Lacedaemoniorum
1828 3094 1996 3169 inde
2038 3124 2074 3168 a
2110 3123 2338 3195 puero
2385 3094 2703 3168 imbibe-
2735 3138 2746 3149 ·

650 3212 787 3300 rit,
841 3209 1085 3281 multis
1114 3207 1491 3306 tragoediis
1526 3208 2042 3281 Atheniensem
2086 3235 2159 3282 se
2195 3235 2340 3284 esse
2383 3211 2476 3281 ita
2515 3234 2707 3281 com·

647 3321 1026 3422 probavit,
1064 3338 1148 3393 ut
1208 3324 1282 3395 in
1326 3323 1884 3420 Peloponnesios
1922 3323 2409 3396 inveheretur.

746 3437 910 3509 Hoc
953 3436 1027 3507 in
1060 3460 1325 3534 genere
1356 3434 1747 3534 dupliciter
1782 3461 2123 3534 agnoscas
2158 3453 2446 3534 poetam
2470 3424 2704 3509 Athe-

648 3551 997 3623 niensem.
1039 3549 1280 3643 Quum
1312 3550 1507 3622 enim
1537 3576 1672 3648 pro
1708 3549 1982 3623 civibus
2018 3553 2283 3624 nostris
2322 3549 2705 3625 habeamus

737 3801 750 3827 ¹
803 3791 1113 3862 Welcker,
1161 3790 1271 3845 Die
1306 3788 1712 3849 Grieckisclzen
1750 3792 2110 3869 Tragaedien,
2150 3813 2232 3852 ec.
2278 3793 2468 3864 Bonn,
2510 3794 2703 3864 1839,

653 3891 931 3968 I,p.97.
