3034 5050
672 483 808 532 cum
854 484 1058 533 uanus
1106 465 1401 533 rutmors
1445 483 1959 534 comum-:noma
2261 473 2340 531 ¹¹7

288 610 640 698 Theseus,
673 638 838 711 quae
887 615 1034 710 ejus
1088 629 1241 684 erat
1294 611 1717 711 prudentia,
1761 639 2055 711 parcere
2097 614 2349 687 debuit

294 727 499 797 sociae
537 724 958 823 reipublicae
995 743 1219 825 atque
1245 727 1316 797 in
1350 726 1739 799 Creontem
1772 728 2007 800 solum
2058 753 2352 800 omnem

296 837 640 910 invidiam
682 839 1056 937 conjicere.
1112 840 1260 911 Hac
1294 841 1574 912 ratione
1607 840 1791 911 alter
1831 865 2121 939 quoque
2158 841 2355 914 locus

246 1006 253 1011 -
292 951 635 1047 explicari
701 951 958 1047 possit(
1008 947 1251 1023 Habet‘
1288 968 1733 1051 tamen,quo
1784 977 1856 1024 se
1904 953 2359 1026 commendet

297 1063 379 1132 C.
423 1063 507 1132 F.
539 1065 936 1135 Hermanni
985 1063 1329 1136 sententia
1356 1118 1374 1149 ,
1414 1066 1536 1164 qui
1564 1093 1599 1137 a
1628 1067 1919 1164 juniore
1954 1066 2352 1165 Sophocle,

299 1192 461 1273 post
500 1175 863 1248 restitutas
902 1175 1419 1250 Thebanorum
1484 1178 1751 1251 auxilio
1804 1177 2357 1253 Atheniensium

301 1313 414 1361 res
444 1343 465 1377 ‚
510 1288 587 1360 in
619 1291 867 1375 amicae
913 1305 1073 1361 tum
1109 1291 1415 1366 civitatis
1436 1292 1744 1390 gratiam
1781 1291 1912 1365 hos
1943 1317 2189 1365 versus
2221 1293 2356 1365 ad-

297 1401 487 1474 ditos
520 1426 664 1474 esse
695 1401 1002 1500 conjecit
1033 1418 1082 1471 ¹.
1128 1430 1131 1433 ’
2078 1401 2083 1407 ’
2222 1489 2227 1494 ,

399 1513 512 1585 Ad
561 1513 989 1611 Euripidem
1032 1513 1230 1613 quod
1261 1516 1558 1605 attinet,
1606 1514 1694 1589 de
1732 1516 2207 1616 Supplicibus
2250 1543 2363 1591 res

298 1642 406 1698 est
445 1643 518 1698 et
553 1627 919 1700 notissima
949 1643 1042 1698 *et
1090 1628 1508 1700 certissima.
1572 1627 1821 1699 Omnis
1876 1629 2071 1701 enim
2126 1629 2364 1702 sabula

299 1756 629 1812 versatur
670 1740 744 1811 in
791 1756 1074 1813 vetusto
1137 1740 1264 1813 illo
1320 1739 1672 1814 beneficio
1706 1740 2180 1831 exornando,
2221 1769 2367 1842 quo

304 1851 613 1926 Athenae
690 1850 1137 1951 Argivorum
1218 1853 1584 1924 civitatem
1669 1858 1744 1924 in
1805 1869 2167 1925 aeternum
2231 1853 2364 1926 sibi

286 1966 700 2058 'devinxisse
774 1964 1218 2057 serebantur.
1280 1968 1538 2064 Itaque,
1609 1969 1682 2039 in
1733 1966 1877 2038 fine
1937 1967 2355 2065 tragoediae,

192 2106 198 2112 ’
304 2069 693 2178 postq‘uam
753 2078 1097 2149 Adrastus
1153 2103 1224 2149 se
1290 2104 1592 2178 suosque
1657 2079 2037 2151 affirmavit
2089 2104 2372 2185 semper

308 2183 637 2263 beneficii
675 2214 1027 2263 memores
1058 2189 1336 2263 futuros
1357 2215 1528 2279 esse,
1559 2190 1694 2263 hoc
1715 2216 1969 2287 parum
1997 2216 2146 2266 esse
2171 2210 2368 2266 ratus

304 2321 548 2404 poeta,
578 2305 930 2376 Minervae
934 2303 1131 2401 jussu
1145 2301 1381 2376 'foedus
1394 2328 1540 2375 esse
1557 2304 1819 2376 initum
1842 2304 2035 2376 inter
2054 2306 2375 2378 civitates

310 2417 558 2506 fiuxit,
612 2434 826 2517 atque
867 2416 1044 2493 adeo
1090 2409 1419 2490 'formula
1462 2418 1605 2513 ipsa
1632 2415 2104 2515 jurisjurandi
2157 2445 2196 2490 a
2243 2416 2370 2491 dea

307 2532 637 2628 praeitur.
671 2530 970 2605 Accedit
1000 2529 1200 2631 quod
1235 2533 1758 2629 Spartanorum
1804 2546 2099 2604 notatur
2126 2531 2375 2606 crude-

308 2646 469 2717 litas
501 2661 575 2716 et
608 2643 905 2741 perfidia
949 2645 1050 2742 (v.
1090 2645 1260 2741 186)
1289 2699 1310 2732 ,
1343 2642 1864 2715 Thebanorum
1902 2644 2323 2742 improbitas
2346 2703 2365 2736 ,

308 2756 644 2856 superbia
674 2811 694 2843 ,
759 2758 991 2829 inanis
1013 2758 1352 2855 jactantia
1403 2757 1508 2855 (V.
1565 2757 1753 2844 463,
1818 2757 2151 2856 passim),
2194 2786 2374 2858 quos

307 2887 551 2968 sperat
586 2886 793 2969 poeta
814 2923 835 2958 ,
879 2896 1106 2970 quum
1147 2868 1455 2943 secunda
1504 2870 1796 2941 fortuna
1830 2871 1935 2940 usi
1972 2870 2149 2958 sint,
2191 2871 2373 2946 hanc

313 2985 538 3081 ipsam
596 2982 693 3056 ob
750 3009 1027 3055 causam
1088 2982 1455 3055 adversam
1512 3007 1688 3055 mox
1747 2997 2172 3078 experturos
2228 3011 2373 3057 esse

313 3097 463 3192 (vv.
496 3100 640 3171 329
660 3152 681 3187 ,
722 3098 924 3194 608).
968 3095 1459 3169 Athenae-non
1498 3095 1739 3166 solum
1789 3092 2216 3184 laudantur,
2255 3097 2375 3169 sed

310 3210 526 3281 etiam
585 3226 993 3310 purgantur
1060 3208 1151 3282 ab
1221 3208 1637 3283 invidorum
1704 3206 2371 3297 criminationibus,

292 3325 462 3422 'quo
488 3326 805 3421 pertinet
833 3341 906 3398 et
941 3324 1061 3396 illa
1089 3323 1177 3395 de
1203 3324 1474 3421 optima
1503 3322 1610 3394 rei
1637 3319 1945 3420 publicae
1979 3323 2209 3395 forma
2242 3321 2378 3396 dis-

311 3437 594 3532 putatio
633 3438 733 3535 (v,
777 3438 999 3530 403),
1043 3452 1114 3512 et
1149 3461 1311 3534 quae
1358 3431 1448 3507 de
1487 3434 1771 3534 egregia
1828 3432 2378 3509 Atheniensium

318 3548 838 3647 imprudentia,
911 3574 1336 3648 magnarum
1393 3572 1642 3622 rerum
1693 3546 2053 3621 effectrice
2076 3602 2097 3637 ,
2144 3552 2379 3648 profe-

403 3738 419 3760 ¹
467 3727 777 3807 Welcker,
841 3727 953 3784 Die
1009 3723 1419 3785 Griechischen
1465 3723 1822 3804 Tragoedien.
1897 3721 2060 3784 Bonn
2084 3725 2123 3797 ,⁴
2174 3727 2333 3788 1839
2357 3771 2372 3799 ,

316 3825 383 3898 I,
418 3850 477 3905 p-
507 3826 650 3888 253„
685 3824 760 3883 K.
795 3826 864 3883 F.
897 3824 1224 3898 Hermann,
1255 3823 1611 3902 Quaestiones
1632 3821 2014 3902 OEdipodeae.
2049 3821 2371 3902 Marburgi,

322 3927 505 3999 1837,
541 3947 600 4005 p.
636 3923 736 3983 43.
2089 4018 2135 4084 2
