3034 5050
660 490 742 547 24
1149 503 1233 549 DE
1278 498 1802 549 ‘inAGossmAmm
1838 498 2215 547 GRAECARUM

751 634 1110 732 Equidem
1137 633 1491 707 confiteor
1527 632 1680 704 haec
1719 632 1961 704 omnia
1999 631 2093 703 ita
2120 631 2311 702 inter
2345 654 2417 701 se
2453 628 2710 702 conci-

653 766 853 835 nere,
890 762 1178 846 tamque
1205 761 1528 844 apertam
1562 761 1782 845 atque
1812 737 2132 817 atrocem
2162 743 2532 816 clarissimi
2571 743 2714 813 viri

652 860 1212 933 exsecrationem
1270 859 1688 948 continere,
1751 874 1833 929 ut
1889 857 2291 930 luculenter
2343 854 2522 928 mihi
2580 853 2716 927 de-

654 975 1169 1046 monstraverit
1196 975 1655 1045 Hermannus
1676 1027 1698 1061 ‚
1730 998 1877 1044 non
1894 1027 1915 1061 ,
1958 971 2154 1070 quod
2192 972 2425 1045 voluit
2446 1025 2468 1059 ‚
2493 968 2717 1043 OEdi-

655 1111 832 1183 pum
866 1103 1100 1159 actam
1135 1111 1280 1159 esse
1319 1085 1435 1158 Ol.
1474 1085 1922 1160 LXXXVII.
1963 1088 2009 1158 3
2033 1139 2052 1172 ,
2094 1083 2216 1156 sed
2249 1083 2387 1157 hoc
2419 1084 2715 1182 potissi-

651 1225 854 1271 mum
907 1202 1454 1277 annoomnino
1481 1200 1595 1298 agi
1633 1222 1786 1271 non
1836 1197 2172 1296 potuisse.
2220 1195 2407 1290 Quid
2470 1192 2716 1269 enim?

656 1310 1068 1384 Funeribus
1118 1311 1351 1385 adhuc
1398 1312 1756 1411 completa
1808 1326 1914 1384 est
1949 1310 2158 1397 urbs,
2226 1311 2426 1384 luctu
2459 1310 2716 1381 afflicta

657 1430 893 1501 omnis
929 1429 1218 1519 civitas3
1274 1431 1348 1501 in
1380 1429 1666 1502 theatro
1707 1427 1824 1501 die
1857 1430 2039 1501 'sesto
2083 1424 2458 1500 consident
2488 1424 2718 1498 homi-

657 1569 822 1634 nes»,
864 1560 945 1616 ut
980 1545 1267 1618 tandem
1305 1534 1696 1645 aliquando
1742 1546 2068 1617 relaxent
2089 1544 2424 1615 'animum
2457 1558 2530 1615 et
2558 1539 2721 1613 sub-

655 1657 900 1729 lev‘ent
953 1684 993 1729 a
1046 1659 1483 1758 quotidianis
1549 1660 1806 1731 malis:
1845 1683 1938 1731 en
1973 1672 2265 1756 poetam
2297 1656 2720 1727 humanissi-

655 1794 898 1857 mum,
935 1773 1059 1870 qui
1087 1797 1245 1845 eam
1280 1775 1505 1871 ipsam
1538 1799 1759 1872 quam
1795 1771 2110 1870 effugere
2149 1767 2438 1841 student
2463 1783 2652 1840 mort
2666 1768 2724 1838 is

658 1883 1033 1982 luctusque
1077 1886 1463 1983 imaginem
1497 1885 1586 1958 de
1617 1884 1968 1957 industria
2005 1898 2371 1980 proponat
2400 1880 2672 1953 civibus
2695 1936 2719 1968 ,

654 2011 733 2067 ut
757 1996 1086 2094 voluptas
1108 1997 1226 2069 illa
1256 1998 1595 2087 tristitiae,
1619 2022 1759 2097 qua
1786 1997 1860 2068 in
1877 1995 2172 2068 scenicis
2194 1992 2381 2066 ludis
2400 2009 2636 2091 specta
2647 2021 2725 2064 n-

652 2106 760 2180 dis
778 2109 1152 2199 afficimur,
1181 2111 1255 2182 in
1276 2134 1533 2183 verum
1553 2135 1953 2183 moerorem
1968 2125 2041 2182 et
2070 2107 2355 2181 acerbas
2376 2107 2723 2204 lacrymas

659 2236 1158 2293 convertatur.
1213 2225 1369 2296 Hoc
1407 2239 1734 2320 poetam,
1792 2222 1929 2295 hoc
1977 2220 2539 2308 Atheniensem,
2580 2219 2723 2293 hoc

659 2331 1092 2431 Sophoclem
1146 2336 1218 2407 in
1283 2337 1608 2408 animum
1652 2334 2006 2406 induxisse
2027 2389 2048 2422 ‚
2116 2358 2334 2407 nemo
2399 2332 2725 2431 profecto

658 2445 837 2517 mihi
857 2448 1340 2546 persuadebit.
1373 2448 1490 2520 An
1514 2447 2007 2547 Phrynichum
2033 2448 2569 2521 mulctaverunt
2599 2446 2727 2520 At-

544 2589 557 2598 *
671 2561 794 2634 tici
820 2561 926 2633 illi
948 2561 1390 2635 subtilissimi
1421 2565 1688 2638 artium
1694 2560 1994 2663 judiceS‚
2013 2560 2212 2661 quod
2245 2562 2520 2635 recenti
2543 2563 2726 2632 ami·

665 2698 768 2745 cae
817 2674 1124 2748 civitatis
1160 2675 1359 2749 clade
1394 2679 1470 2749 in
1510 2703 1720 2751 scena
1753 2680 2121 2775 proposita
2158 2675 2722 2751 domesticorum

662 2786 1025 2861 malorum
1062 2792 1487 2863 memoriam
1525 2789 1796 2870 civibus
1818 2805 2213 2863 revocasset
2229 2809 2270 2880 3*
2291 2780 2723 2887 Sophoclem

666 2899 934 2971 ultimis
979 2900 1218 2999 poenis
1277 2927 1434 2975 non
1488 2900 1925 2992 affecerunt,
1965 2904 2089 3003 qui
2142 2902 2551 3003 gravissima
2617 2904 2720 2973 rei

665 3011 975 3111 publicae
1020 3014 1321 3087 vulnera
1356 3014 1673 3114 prudens
1719 3017 2087 3114 sciensque
2121 3012 2561 3115 integraret?
2597 3016 2726 3087 Po-

667 3128 821 3199 lum
855 3124 1283 3200 histrionem
1311 3130 1615 3201 minime
1646 3128 1887 3227 probo
1917 3129 2251 3202 lamentis
2276 3131 2457 3203 veris
2482 3146 2551 3199 et
2568 3133 2727 3228 spi-

670 3239 995 3312 rantibus
1058 3242 1469 3341 opplentem
1523 3237 1850 3329 theatra3
1916 3257 1989 3314 et
2040 3242 2159 3314 hic
2208 3240 2502 3341 quidem
2570 3257 2726 3313 tum

666 3351 957 3425 demum
995 3352 1122 3425 filii
1157 3355 1428 3428 cineres
1466 3356 1538 3426 in
1590 3380 1794 3427 scena
1835 3356 2172 3454 gestavit,
2221 3381 2388 3427 cum
2452 3356 2726 3427 luc-tum

669 3470 865 3539 satis·
911 3471 1096 3541 visus
1137 3483 1245 3540 est
1300 3469 1619 3541 eluxisse
1666 3496 1685 3538 .·
1728 3467 1903 3567 quid
1953 3467 2186 3540 dicam
2240 3466 2328 3539 de
2372 3466 2727 3565 Sophocle

667 3590 881 3676 'poeta
918 3581 1136 3653 totius
1185 3583 1489 3654 civitatis
1546 3584 1820 3656 cineres
1857 3584 1930 3655 in
1957 3608 2240 3655 scenam
2293 3578 2728 3654 inducente?

670 3692 855 3762 Tum
893 3718 971 3764 re
1018 3717 1184 3766 vera
1231 3720 1363 3766 usu
1405 3696 1714 3768 venisset
1751 3693 1970 3782 illud,
2009 3692 2204 3793 quod
2242 3694 2513 3767 Gellius
2545 3694 2728 3765 dixit

672 3805 858 3902 (Vll.
901 3806 1007 3898 5),
1034 3824 1116 3878 ut
1144 3833 1361 3905 quum
1404 3814 1530 3904 agi
1530 3808 1817 3905 fabula
1859 3808 2241 3896 videretur,
2284 3807 2495 3880 dolor
2515 3824 2725 3880 actus

669 3935 869 3989 esset.
902 3919 1148 4019 Neque
1179 3920 1331 3994 haec
1359 3924 1772 4021 conspirare
1796 3922 2134 3995 videntur
2162 3946 2325 3995 cum
2348 3920 2724 4019 Sophoclis
