3034 5050
606 487 611 491 ⁸
649 513 734 570 40
1131 523 1217 570 DE
1263 521 1786 571 TnAeoemAnuu
1835 521 2211 571 eumenum

746 652 995 754 Neque
1033 654 1185 729 haec
1218 656 1397 727 vitio
1426 657 1769 727 verterim
1801 654 2173 756 Euripidi,
2214 682 2430 756 quem
2464 656 2704 729 liben—

647 786 759 841 ter
784 767 1175 841 concedam
1209 769 1477 867 ingenii
1507 770 1708 866 eopia
1745 767 2175 865 Sophoclem
2205 768 2707 866 AEsehylumve

644 883 848 955 facile
875 907 1192 981 aequasse
1211 936 1230 970 ,
1265 906 1482 980 opera
1524 898 1762 955 tamen
1800 881 2299 954 contenderim
2321 907 2476 956 non
2502 906 2706 982 aeque

649 998 960 1094 perfecta
994 1012 1067 1068 et
1086 994 1411 1068 absoluta
1445 995 1768 1068 edidisse.
1820 995 2030 1088 Quod
2067 997 2468 1097 necessario
2514 1022 2707 1096 quo-

647 1107 1035 1183 dammodo
1097 1110 1158 1180 ei
1206 1107 1490 1181 accidit.
1552 1109 2002 1181 Sententiam
2053 1111 2248 1181 enim
2305 1109 2395 1182 de
2444 1109 2706 1181 divinis

648 1220 1121 1320 humanisque
1139 1219 1353 1292 rebus
1382 1236 1539 1292 tum
1565 1245 1605 1293 e
1631 1221 2235 1320 philosophorum
2263 1223 2704 1297 commercio

650 1332 1290 1421 imbiberat,·tum
1324 1334 1471 1432 ipse
1526 1334 1914 1435 cogitando
1971 1335 2103 1407 sibi
2157 1335 2708 1409 confirmaverat

647 1447 864 1545 plane
890 1446 1248 1521 diversam
1279 1447 1373 1520 ab
1406 1472 1513 1534 ea,
1560 1474 1726 1547 quae
1756 1451 2156 1549 antiquitus
2195 1450 2384 1522 inter
2415 1449 2707 1521 Graeeos

649 1557 1105 1651 obtinuerat,
1143 1570 1451 1663 quaeque
1484 1561 1557 1633 in
1590 1561 1847 1635 fabulis
1895 1562 2366 1663 popularibus
2418 1564 2512 1634 ita
2551 1578 2708 1634 erat

649 1698 1004 1772 expressa,
1049 1690 1131 1747 ut
1163 1676 1473 1749 omnino
1508 1702 1674 1748 eum
1699 1677 1782 1748 iis
1802 1677 2177 1750 coaluerit.
2212 1678 2459 1774 ltaque
2480 1698 2707 1773 quum

650 1801 994 1859 tractaret
1027 1788 1373 1887 ejusmodi
1410 1789 1728 1863 fabulam
1765 1806 1838 1862 et
1873 1792 1948 1861 in
1985 1787 2364 1888 tragoediae
2398 1787 2706 1860 formam

649 1898 1049 1998 redigeret,
1100 1924 1384 2000 semper
1426 1905 1578 1975 sere
1624 1905 1909 1976 inerant
1960 1928 2124 2002 qnae
2174 1903 2235 1974 ei
2288 1901 2708 1972 viderentur

649 2012 763 2086 vel
799 2014 991 2085 inter
1015 2039 1087 2086 se
1122 2016 1234 2087 vel
1261 2038 1429 2088 cum
1447 2041 1616 2088 vera
1642 2038 1886 2088 rerum
1918 2032 2174 2088 natura
2203 2016 2504 2086 minime
2530 2039 2705 2086 con·

570 2207 577 2215 ,
648 2126 903 2198 venire
933 2156 953 2196 ε
997 2153 1305 2229 quaeque
1340 2145 1556 2227 poeta
1626 2129 1714 2201 ad
1779 2128 2099 2200 veritatis
2155 2126 2703 2199 similitudinem

650 2239 1032 2340 effingebat
1056 2297 1076 2329 ‚
1140 2267 1219 2314 ea
1255 2244 1615 2314 rationem
1648 2241 1915 2313 habere
1966 2240 2431 2338 philosophus
2477 2265 2705 2339 nega-

649 2351 796 2428 bat.
830 2353 983 2447 Qua
1017 2379 1103 2428 re
1120 2353 1386 2427 sactum
1411 2370 1556 2444 est,
1594 2369 1675 2426 ut
1716 2379 1864 2425 non
1907 2368 2303 2425 totus-esset
2329 2353 2406 2423 in
2438 2376 2660 2450 opere
2684 2408 2703 2441 ,

650 2471 772 2545 sed
798 2488 1005 2546 extra
1029 2498 1206 2573 opus
1227 2529 1246 2562 ,
1285 2489 1508 2572 utque
1545 2471 1633 2544 ad
1663 2470 1924 2546 sahulae
1947 2494 2290 2569 personas
2325 2469 2457 2541 alia
2495 2494 2707 2544 acce-

651 2585 857 2676 deret
902 2612 1125 2687 eaque
1162 2588 1509 2686 primaria
1567 2609 1911 2684 persona,
1972 2599 2176 2683 poeta
2246 2585 2394 2683 ipse
2413 2612 2434 2673 3
2485 2609 2711 2684 quum

656 2700 1032 2797 AEschylus
1070 2717 1143 2774 et
1177 2700 1566 2800 Sophocles
1626 2700 1810 2773 nihil
1862 2699 1949 2771 ad
2005 2698 2277 2772 fabulas
2314 2696 2703 2784 adferrent,

643 2813 851 2911 quod
884 2838 1039 2887 non
1084 2830 1293 2885 antea
1327 2811 1401 2884 in
1440 2814 1524 2883 iis
1556 2828 1735 2884 esset
1776 2813 1910 2884 vel·
1938 2835 2352 2910 expressum
2398 2811 2514 2883 vel
2566 2808 2710 2882 ob—

654 2925 984 3001 volutum
1004 2979 1023 3013 ,
1059 2942 1274 3025 atque
1286 2927 1383 2997 ita
1402 2950 1475 2997 se
1498 2926 1952 2998 insinuarent
1981 2927 2063 2997 iis
2084 2951 2252 3026 quae
2274 2922 2710 3024 effingebant

653 3036 896 3127 rebus,
930 3055 1013 3112 ut
1043 3039 1339 3113 artificis
1372 3064 1603 3129 mens,
1643 3038 2102 3139 aequabiliter
2122 3063 2256 3137 per
2282 3061 2498 3112 omne
2532 3062 2710 3135 opus

650 3151 938 3244 diffusa,
969 3153 1181 3251 operi
1205 3168 1385 3226 esset
1412 3154 1580 3225 vitae
1603 3154 1763 3225 sons
1799 3167 1870 3225 et
1896 3152 2341 3250 principium
2369 3150 2704 3239 invisum,

656 3292 807 3339 nou
846 3291 1025 3341 vero
1046 3268 1344 3342 seorsim
1367 3283 1440 3340 et
1464 3268 1662 3367 quasi
1695 3265 1883 3339 nuda
1929 3281 2334 3364 appareret.
2376 3264 2706 3362 Exempli

656 3382 887 3480 gratia
918 3398 1075 3454 eam
1105 3379 1421 3459 fabulam
1447 3379 1773 3468 afferam,
1813 3405 1978 3479 quoe
2008 3378 2236 3451 tribus
2261 3375 2711 3476 principibus

653 3498 882 3593 poetis
943 3511 1238 3568 tractata
1304 3493 1536 3568 trihus
1582 3492 1958 3592 tragoediis
2016 3491 2102 3565 ad
2167 3517 2298 3565 nos
2349 3493 2704 3589 pervenit.

655 3596 870 3707 Apud
904 3608 1341 3706 Sophoclem
1365 3606 1654 3680 Orestes
1677 3606 2037 3705 Apollinis
2049 3607 2240 3705 jussa
2262 3605 2705 3704 exsequitur,

655 3746 887 3822 neque
915 3737 1081 3794 ante
1112 3722 1383 3795 facinus
1431 3736 1932 3818 perpetratum
1986 3720 2088 3790 ira
2137 3735 2260 3791 au‘t
2293 3719 2711 3790 misericor-

653 3835 765 3907 dia
792 3889 813 3923 ,
849 3860 1079 3935 neque
1123 3851 1286 3933 post
1325 3836 1758 3933 poenitentia
1807 3848 2178 3931 correptus
2204 3887 2223 3920 ,
2263 3832 2462 3903 omni
2503 3831 2706 3928 culpa

657 3974 948 4038 vacuuS,
979 3965 1059 4019 ut
1091 3946 1519 4046 qui'divino
1553 3948 1715 4020 faeti
1768 3963 2063 4019 auctore
2111 3960 2378 4016 utatur.
2418 3944 2706 4020 Electra
