<?xml version="1.0" encoding="UTF-8"?>
<!DOCTYPE html PUBLIC "-//W3C//DTD XHTML 1.0 Transitional//EN"
    "http://www.w3.org/TR/xhtml1/DTD/xhtml1-transitional.dtd">
<html xmlns="http://www.w3.org/1999/xhtml" xml:lang="en" lang="en">
 <head>
  <title>
</title>
<meta http-equiv="Content-Type" content="text/html;charset=utf-8" />
  <meta name='ocr-system' content='tesseract 3.04.00' />
  <meta name='ocr-capabilities' content='ocr_page ocr_carea ocr_par ocr_line ocrx_word'/>
</head>
<body>
  <div class='ocr_page' id='page_1' title='image "./detragoediarumg00weilgoog_0023.png"; bbox 0 0 3034 5050; ppageno 0'>
   <div class='ocr_carea' id='block_1_1' title="bbox 686 499 2365 560">
    <p class='ocr_par' dir='ltr' id='par_1_1' title="bbox 686 499 2365 560">
     <span class='ocr_line' id='line_1_1' title="bbox 686 499 2365 560; baseline -0.001 -2"><span class='ocrx_word' id='word_1_1' title='bbox 686 511 824 558; x_wconf 74' lang='lat' dir='ltr'><strong>cun</strong></span> <span class='ocrx_word' id='word_1_2' title='bbox 870 511 1075 560; x_wconf 73' lang='lat' dir='ltr'><strong>nunus</strong></span> <span class='ocrx_word' id='word_1_3' title='bbox 1125 511 1419 560; x_wconf 70' lang='lat' dir='ltr'><strong>eunucis</strong></span> <span class='ocrx_word' id='word_1_4' title='bbox 1463 509 1983 560; x_wconf 66' lang='lat' dir='ltr'><strong>commeneus.</strong></span> <span class='ocrx_word' id='word_1_5' title='bbox 2284 499 2365 557; x_wconf 82' lang='grc'><strong>13</strong></span> 
     </span>
    </p>
   </div>
   <div class='ocr_carea' id='block_1_2' title="bbox 298 639 2367 1983">
    <p class='ocr_par' dir='ltr' id='par_1_2' title="bbox 298 639 2367 1983">
     <span class='ocr_line' id='line_1_2' title="bbox 301 639 2366 740; baseline 0 -29"><span class='ocrx_word' id='word_1_6' title='bbox 301 668 466 740; x_wconf 82' lang='lat' dir='ltr'><strong>quae</strong></span> <span class='ocrx_word' id='word_1_7' title='bbox 494 656 775 713; x_wconf 83' lang='lat' dir='ltr'><strong>aetatem</strong></span> <span class='ocrx_word' id='word_1_8' title='bbox 823 642 1147 714; x_wconf 87' lang='lat' dir='ltr'><strong>tulerunt</strong></span> <span class='ocrx_word' id='word_1_9' title='bbox 1189 641 1499 739; x_wconf 77' lang='lat' dir='ltr'><strong>AEschyli</strong></span> <span class='ocrx_word' id='word_1_10' title='bbox 1550 641 1957 714; x_wconf 73' lang='lat' dir='ltr'><strong>fabularum</strong></span> <span class='ocrx_word' id='word_1_11' title='bbox 2001 639 2185 712; x_wconf 88' lang='lat' dir='ltr'><strong>hanc</strong></span> <span class='ocrx_word' id='word_1_12' title='bbox 2219 663 2366 712; x_wconf 80' lang='lat' dir='ltr'><strong>esse</strong></span> 
     </span>
     <span class='ocr_line' id='line_1_3' title="bbox 300 752 2364 854; baseline 0 -29"><span class='ocrx_word' id='word_1_13' title='bbox 300 755 613 851; x_wconf 80' lang='lat' dir='ltr'>primam</span> <span class='ocrx_word' id='word_1_14' title='bbox 676 771 748 826; x_wconf 90' lang='lat' dir='ltr'><strong>et</strong></span> <span class='ocrx_word' id='word_1_15' title='bbox 821 754 1389 854; x_wconf 78' lang='lat' dir='ltr'>antiquissimam</span> <span class='ocrx_word' id='word_1_16' title='bbox 1432 756 1681 826; x_wconf 82' lang='lat' dir='ltr'><strong>statuit</strong></span> <span class='ocrx_word' id='word_1_17' title='bbox 1726 764 1789 841; x_wconf 86' lang='lat'><strong>¹,</strong></span> <span class='ocrx_word' id='word_1_18' title='bbox 1843 756 2039 852; x_wconf 87' lang='lat' dir='ltr'><strong>cujus</strong></span> <span class='ocrx_word' id='word_1_19' title='bbox 2089 752 2364 851; x_wconf 85' lang='lat' dir='ltr'><strong>judicio</strong></span> 
     </span>
     <span class='ocr_line' id='line_1_4' title="bbox 299 864 2366 965; baseline -0.001 -26"><span class='ocrx_word' id='word_1_20' title='bbox 299 867 606 940; x_wconf 90' lang='lat' dir='ltr'><strong>omnino</strong></span> <span class='ocrx_word' id='word_1_21' title='bbox 683 867 966 940; x_wconf 80' lang='lat' dir='ltr'>accedo.</span> <span class='ocrx_word' id='word_1_22' title='bbox 1024 867 1272 965; x_wconf 80' lang='lat' dir='ltr'><strong>Neque</strong></span> <span class='ocrx_word' id='word_1_23' title='bbox 1338 868 1534 938; x_wconf 86' lang='lat' dir='ltr'><strong>enim</strong></span> <span class='ocrx_word' id='word_1_24' title='bbox 1594 891 1852 939; x_wconf 90' lang='lat' dir='ltr'><strong>moror</strong></span> <span class='ocrx_word' id='word_1_25' title='bbox 1921 864 2366 963; x_wconf 82' lang='lat' dir='ltr'><strong>Argivorum</strong></span> 
     </span>
     <span class='ocr_line' id='line_1_5' title="bbox 301 976 2365 1079; baseline 0 -29"><span class='ocrx_word' id='word_1_26' title='bbox 301 978 541 1052; x_wconf 87' lang='lat' dir='ltr'><strong>laudes</strong></span> <span class='ocrx_word' id='word_1_27' title='bbox 566 1035 585 1068; x_wconf 90' lang='lat'>,</span> <span class='ocrx_word' id='word_1_28' title='bbox 611 1006 784 1079; x_wconf 88' lang='lat' dir='ltr'><strong>quas</strong></span> <span class='ocrx_word' id='word_1_29' title='bbox 813 978 905 1053; x_wconf 83' lang='lat' dir='ltr'><strong>ab</strong></span> <span class='ocrx_word' id='word_1_30' title='bbox 932 981 1305 1076; x_wconf 83' lang='lat' dir='ltr'><strong>AEschylo,</strong></span> <span class='ocrx_word' id='word_1_31' title='bbox 1351 1005 1496 1052; x_wconf 92' lang='lat' dir='ltr'><strong>non</strong></span> <span class='ocrx_word' id='word_1_32' title='bbox 1533 978 1985 1051; x_wconf 79' lang='lat' dir='ltr'><strong>Athenarum</strong></span> <span class='ocrx_word' id='word_1_33' title='bbox 2019 976 2140 1049; x_wconf 88' lang='lat' dir='ltr'><strong>sed</strong></span> <span class='ocrx_word' id='word_1_34' title='bbox 2167 977 2365 1050; x_wconf 81' lang='lat' dir='ltr'><strong>Grae-</strong></span> 
     </span>
     <span class='ocr_line' id='line_1_6' title="bbox 300 1090 2365 1191; baseline 0.001 -29"><span class='ocrx_word' id='word_1_35' title='bbox 300 1093 433 1163; x_wconf 84' lang='lat' dir='ltr'><strong>ciae</strong></span> <span class='ocrx_word' id='word_1_36' title='bbox 467 1094 657 1179; x_wconf 86' lang='lat' dir='ltr'><strong>cive,</strong></span> <span class='ocrx_word' id='word_1_37' title='bbox 712 1119 1081 1191; x_wconf 87' lang='lat' dir='ltr'><strong>nunquam</strong></span> <span class='ocrx_word' id='word_1_38' title='bbox 1122 1092 1579 1164; x_wconf 80' lang='lat' dir='ltr'><strong>abhorruisse</strong></span> <span class='ocrx_word' id='word_1_39' title='bbox 1614 1116 1894 1165; x_wconf 86' lang='lat' dir='ltr'><strong>censeo.</strong></span> <span class='ocrx_word' id='word_1_40' title='bbox 1958 1090 2172 1163; x_wconf 87' lang='lat' dir='ltr'><strong>Fiunt</strong></span> <span class='ocrx_word' id='word_1_41' title='bbox 2228 1116 2365 1188; x_wconf 90' lang='lat' dir='ltr'><strong>pro</strong></span> 
     </span>
     <span class='ocr_line' id='line_1_7' title="bbox 298 1202 2366 1304; baseline 0 -30"><span class='ocrx_word' id='word_1_42' title='bbox 298 1202 812 1277; x_wconf 87' lang='lat' dir='ltr'><strong>Thebanorum</strong></span> <span class='ocrx_word' id='word_1_43' title='bbox 848 1229 1136 1304; x_wconf 90' lang='lat' dir='ltr'><strong>quoque</strong></span> <span class='ocrx_word' id='word_1_44' title='bbox 1168 1205 1662 1276; x_wconf 80' lang='lat' dir='ltr'><strong>incolumitate</strong></span> <span class='ocrx_word' id='word_1_45' title='bbox 1696 1228 1942 1300; x_wconf 83' lang='lat' dir='ltr'><strong>preces</strong></span> <span class='ocrx_word' id='word_1_46' title='bbox 1971 1204 2042 1274; x_wconf 88' lang='lat' dir='ltr'><strong>in</strong></span> <span class='ocrx_word' id='word_1_47' title='bbox 2074 1202 2366 1301; x_wconf 81' lang='lat' dir='ltr'><strong>Septem</strong></span> 
     </span>
     <span class='ocr_line' id='line_1_8' title="bbox 299 1315 2367 1416; baseline 0.001 -29"><span class='ocrx_word' id='word_1_48' title='bbox 299 1316 632 1389; x_wconf 80' lang='lat' dir='ltr'><strong>adversus</strong></span> <span class='ocrx_word' id='word_1_49' title='bbox 646 1317 955 1406; x_wconf 78' lang='lat' dir='ltr'><strong>ThebaS,</strong></span> <span class='ocrx_word' id='word_1_50' title='bbox 978 1344 1202 1416; x_wconf 90' lang='lat' dir='ltr'><strong>quum</strong></span> <span class='ocrx_word' id='word_1_51' title='bbox 1229 1332 1466 1389; x_wconf 89' lang='lat' dir='ltr'><strong>tamen</strong></span> <span class='ocrx_word' id='word_1_52' title='bbox 1488 1317 1844 1405; x_wconf 86' lang='lat' dir='ltr'><strong>Thebani,</strong></span> <span class='ocrx_word' id='word_1_53' title='bbox 1867 1316 2047 1388; x_wconf 89' lang='lat' dir='ltr'><strong>dum</strong></span> <span class='ocrx_word' id='word_1_54' title='bbox 2067 1315 2367 1413; x_wconf 81' lang='lat' dir='ltr'><strong>AEschy-</strong></span> 
     </span>
     <span class='ocr_line' id='line_1_9' title="bbox 302 1429 2365 1530; baseline 0 -29"><span class='ocrx_word' id='word_1_55' title='bbox 302 1430 409 1501; x_wconf 90' lang='lat' dir='ltr'><strong>lus</strong></span> <span class='ocrx_word' id='word_1_56' title='bbox 443 1431 657 1519; x_wconf 81' lang='lat' dir='ltr'><strong>vixit,</strong></span> <span class='ocrx_word' id='word_1_57' title='bbox 701 1458 1069 1530; x_wconf 83' lang='lat' dir='ltr'><strong>nunquam</strong></span> <span class='ocrx_word' id='word_1_58' title='bbox 1099 1431 1335 1504; x_wconf 85' lang='lat' dir='ltr'><strong>soedus</strong></span> <span class='ocrx_word' id='word_1_59' title='bbox 1371 1432 1667 1503; x_wconf 84' lang='lat' dir='ltr'><strong>inierint</strong></span> <span class='ocrx_word' id='word_1_60' title='bbox 1700 1458 1868 1503; x_wconf 88' lang='lat' dir='ltr'><strong>cum</strong></span> <span class='ocrx_word' id='word_1_61' title='bbox 1894 1429 2365 1502; x_wconf 88' lang='lat' dir='ltr'><strong>Atheniensi-</strong></span> 
     </span>
     <span class='ocr_line' id='line_1_10' title="bbox 299 1541 2361 1642; baseline 0 -29"><span class='ocrx_word' id='word_1_62' title='bbox 299 1541 478 1633; x_wconf 79' lang='lat' dir='ltr'><strong>bus3</strong></span> <span class='ocrx_word' id='word_1_63' title='bbox 534 1543 730 1642; x_wconf 88' lang='lat' dir='ltr'><strong>quod</strong></span> <span class='ocrx_word' id='word_1_64' title='bbox 782 1544 1353 1641; x_wconf 78' lang='lat' dir='ltr'><strong>Aristophaneus</strong></span> <span class='ocrx_word' id='word_1_65' title='bbox 1408 1543 1726 1616; x_wconf 88' lang='lat' dir='ltr'><strong>Bacchus</strong></span> <span class='ocrx_word' id='word_1_66' title='bbox 1773 1542 2013 1615; x_wconf 90' lang='lat' dir='ltr'><strong>ridens</strong></span> <span class='ocrx_word' id='word_1_67' title='bbox 2073 1544 2361 1615; x_wconf 87' lang='lat' dir='ltr'><strong>crimini</strong></span> 
     </span>
     <span class='ocr_line' id='line_1_11' title="bbox 298 1655 2364 1758; baseline 0 -30"><span class='ocrx_word' id='word_1_68' title='bbox 298 1657 519 1728; x_wconf 81' lang='lat' dir='ltr'><strong>vertit</strong></span> <span class='ocrx_word' id='word_1_69' title='bbox 572 1655 947 1755; x_wconf 75' lang='lat' dir='ltr'><strong>AEschylo‚</strong></span> <span class='ocrx_word' id='word_1_70' title='bbox 1014 1659 1211 1758; x_wconf 82' lang='lat' dir='ltr'><strong>quasi</strong></span> <span class='ocrx_word' id='word_1_71' title='bbox 1271 1655 1787 1731; x_wconf 83' lang='lat' dir='ltr'><strong>Thebanorum</strong></span> <span class='ocrx_word' id='word_1_72' title='bbox 1860 1655 2364 1728; x_wconf 75' lang='lat' dir='ltr'><strong>soi-titudinem</strong></span> 
     </span>
     <span class='ocr_line' id='line_1_12' title="bbox 300 1768 2364 1845; baseline 0 -5"><span class='ocrx_word' id='word_1_73' title='bbox 300 1768 658 1844; x_wconf 87' lang='lat' dir='ltr'><strong>laudando</strong></span> <span class='ocrx_word' id='word_1_74' title='bbox 725 1770 1047 1845; x_wconf 89' lang='lat' dir='ltr'><strong>hostibus</strong></span> <span class='ocrx_word' id='word_1_75' title='bbox 1115 1771 1567 1844; x_wconf 86' lang='lat' dir='ltr'><strong>Athenarum</strong></span> <span class='ocrx_word' id='word_1_76' title='bbox 1645 1771 1923 1842; x_wconf 84' lang='lat' dir='ltr'><strong>animos</strong></span> <span class='ocrx_word' id='word_1_77' title='bbox 2010 1769 2364 1842; x_wconf 83' lang='lat' dir='ltr'><strong>addiderit</strong></span> 
     </span>
     <span class='ocr_line' id='line_1_13' title="bbox 300 1881 2363 1983; baseline 0.001 -30"><span class='ocrx_word' id='word_1_78' title='bbox 300 1885 557 1979; x_wconf 80' lang='lat' dir='ltr'><strong>(Han.</strong></span> <span class='ocrx_word' id='word_1_79' title='bbox 601 1910 673 1956; x_wconf 87' lang='lat' dir='ltr'><strong>v.</strong></span> <span class='ocrx_word' id='word_1_80' title='bbox 733 1889 921 1959; x_wconf 69' lang='lat'><strong>⁴023</strong></span> <span class='ocrx_word' id='word_1_81' title='bbox 943 1885 1002 1982; x_wconf 87' lang='lat'><strong>).</strong></span> <span class='ocrx_word' id='word_1_82' title='bbox 1045 1886 1185 1971; x_wconf 91' lang='lat' dir='ltr'><strong>At,</strong></span> <span class='ocrx_word' id='word_1_83' title='bbox 1243 1901 1462 1983; x_wconf 89' lang='lat' dir='ltr'><strong>put0,</strong></span> <span class='ocrx_word' id='word_1_84' title='bbox 1510 1911 1656 1956; x_wconf 86' lang='lat' dir='ltr'><strong>non</strong></span> <span class='ocrx_word' id='word_1_85' title='bbox 1694 1900 1860 1956; x_wconf 88' lang='lat' dir='ltr'><strong>sunt</strong></span> <span class='ocrx_word' id='word_1_86' title='bbox 1893 1881 1980 1953; x_wconf 90' lang='lat' dir='ltr'><strong>ad</strong></span> <span class='ocrx_word' id='word_1_87' title='bbox 2020 1881 2199 1955; x_wconf 86' lang='lat' dir='ltr'><strong>hanc</strong></span> <span class='ocrx_word' id='word_1_88' title='bbox 2239 1907 2363 1955; x_wconf 86' lang='lat' dir='ltr'><strong>re-</strong></span> 
     </span>
    </p>
   </div>
   <div class='ocr_carea' id='block_1_3' title="bbox 294 1995 2364 3807">
    <p class='ocr_par' dir='ltr' id='par_1_3' title="bbox 294 1995 2364 3000">
     <span class='ocr_line' id='line_1_14' title="bbox 298 1995 2364 2097; baseline 0 -30"><span class='ocrx_word' id='word_1_89' title='bbox 298 1995 537 2092; x_wconf 77' lang='lat' dir='ltr'><strong>gulam</strong></span> <span class='ocrx_word' id='word_1_90' title='bbox 582 1998 949 2097; x_wconf 81' lang='lat' dir='ltr'><strong>exigendae</strong></span> <span class='ocrx_word' id='word_1_91' title='bbox 997 1998 1309 2094; x_wconf 77' lang='lat' dir='ltr'><strong>AEschyli</strong></span> <span class='ocrx_word' id='word_1_92' title='bbox 1352 1996 1751 2097; x_wconf 73' lang='lat' dir='ltr'><strong>tragoediae.</strong></span> <span class='ocrx_word' id='word_1_93' title='bbox 1796 1997 2046 2096; x_wconf 88' lang='lat' dir='ltr'><strong>Neque</strong></span> <span class='ocrx_word' id='word_1_94' title='bbox 2079 2022 2243 2097; x_wconf 79' lang='lat' dir='ltr'><strong>quae</strong></span> <span class='ocrx_word' id='word_1_95' title='bbox 2274 1995 2364 2068; x_wconf 91' lang='lat' dir='ltr'><strong>de</strong></span> 
     </span>
     <span class='ocr_line' id='line_1_15' title="bbox 296 2106 2360 2208; baseline 0.001 -29"><span class='ocrx_word' id='word_1_96' title='bbox 296 2108 653 2208; x_wconf 81' lang='lat' dir='ltr'><strong>AEgyptiis</strong></span> <span class='ocrx_word' id='word_1_97' title='bbox 714 2110 1057 2184; x_wconf 86' lang='lat' dir='ltr'><strong>dicuntur</strong></span> <span class='ocrx_word' id='word_1_98' title='bbox 1125 2110 1555 2182; x_wconf 79' lang='lat' dir='ltr'><strong>effeminatis</strong></span> <span class='ocrx_word' id='word_1_99' title='bbox 1606 2126 1678 2181; x_wconf 93' lang='lat' dir='ltr'><strong>et</strong></span> <span class='ocrx_word' id='word_1_100' title='bbox 1735 2108 2146 2181; x_wconf 81' lang='lat' dir='ltr'><strong>imbellibus</strong></span> <span class='ocrx_word' id='word_1_101' title='bbox 2174 2165 2191 2193; x_wconf 89' lang='lat'>,</span> <span class='ocrx_word' id='word_1_102' title='bbox 2271 2106 2360 2182; x_wconf 87' lang='lat' dir='ltr'><strong>ad</strong></span> 
     </span>
     <span class='ocr_line' id='line_1_16' title="bbox 300 2221 2360 2322; baseline 0.002 -30"><span class='ocrx_word' id='word_1_103' title='bbox 300 2221 849 2295; x_wconf 87' lang='lat' dir='ltr'><strong>Atheniensium</strong></span> <span class='ocrx_word' id='word_1_104' title='bbox 874 2223 1371 2322; x_wconf 80' lang='lat' dir='ltr'><strong>AEgyptiacam</strong></span> <span class='ocrx_word' id='word_1_105' title='bbox 1403 2221 1935 2319; x_wconf 85' lang='lat' dir='ltr'><strong>expeditionem</strong></span> <span class='ocrx_word' id='word_1_106' title='bbox 1964 2223 2360 2297; x_wconf 86' lang='lat' dir='ltr'><strong>necessario</strong></span> 
     </span>
     <span class='ocr_line' id='line_1_17' title="bbox 296 2334 2358 2436; baseline -0 -29"><span class='ocrx_word' id='word_1_107' title='bbox 296 2337 735 2424; x_wconf 81' lang='lat' dir='ltr'><strong>referuntur,</strong></span> <span class='ocrx_word' id='word_1_108' title='bbox 775 2363 1000 2436; x_wconf 87' lang='lat' dir='ltr'><strong>quum</strong></span> <span class='ocrx_word' id='word_1_109' title='bbox 1033 2336 1461 2409; x_wconf 77' lang='lat' dir='ltr'><strong>Graecorum</strong></span> <span class='ocrx_word' id='word_1_110' title='bbox 1507 2334 1854 2408; x_wconf 89' lang='lat' dir='ltr'><strong>celebrari</strong></span> <span class='ocrx_word' id='word_1_111' title='bbox 1909 2335 2163 2409; x_wconf 88' lang='lat' dir='ltr'><strong>bellica</strong></span> <span class='ocrx_word' id='word_1_112' title='bbox 2197 2336 2358 2407; x_wconf 86' lang='lat' dir='ltr'><strong>vir-</strong></span> 
     </span>
     <span class='ocr_line' id='line_1_18' title="bbox 298 2446 2360 2552; baseline 0 -32"><span class='ocrx_word' id='word_1_113' title='bbox 298 2465 444 2537; x_wconf 78' lang='lat' dir='ltr'><strong>tuS‚</strong></span> <span class='ocrx_word' id='word_1_114' title='bbox 483 2448 967 2523; x_wconf 85' lang='lat' dir='ltr'><strong>barbarorum</strong></span> <span class='ocrx_word' id='word_1_115' title='bbox 1024 2451 1299 2549; x_wconf 83' lang='lat' dir='ltr'><strong>ignavia</strong></span> <span class='ocrx_word' id='word_1_116' title='bbox 1359 2451 1592 2521; x_wconf 81' lang='lat' dir='ltr'><strong>notari</strong></span> <span class='ocrx_word' id='word_1_117' title='bbox 1632 2475 1668 2518; x_wconf 90' lang='lat' dir='ltr'><strong>a</strong></span> <span class='ocrx_word' id='word_1_118' title='bbox 1697 2449 1857 2552; x_wconf 85' lang='lat' dir='ltr'><strong>viro</strong></span> <span class='ocrx_word' id='word_1_119' title='bbox 1916 2446 2360 2521; x_wconf 89' lang='lat' dir='ltr'><strong>Medicarum</strong></span> 
     </span>
     <span class='ocr_line' id='line_1_19' title="bbox 297 2562 2355 2663; baseline 0.001 -30"><span class='ocrx_word' id='word_1_120' title='bbox 297 2590 708 2661; x_wconf 81' lang='lat' dir='ltr'><strong>pugnarum</strong></span> <span class='ocrx_word' id='word_1_121' title='bbox 749 2567 1099 2663; x_wconf 84' lang='lat' dir='ltr'><strong>participe</strong></span> <span class='ocrx_word' id='word_1_122' title='bbox 1153 2589 1435 2661; x_wconf 87' lang='lat' dir='ltr'><strong>semper</strong></span> <span class='ocrx_word' id='word_1_123' title='bbox 1488 2563 1890 2660; x_wconf 82' lang='lat' dir='ltr'><strong>potuerint.</strong></span> <span class='ocrx_word' id='word_1_124' title='bbox 1956 2562 2355 2652; x_wconf 76' lang='lat' dir='ltr'><strong>Praeterea,</strong></span> 
     </span>
     <span class='ocr_line' id='line_1_20' title="bbox 294 2676 2358 2775; baseline 0.001 -30"><span class='ocrx_word' id='word_1_125' title='bbox 294 2676 592 2748; x_wconf 79' lang='lat' dir='ltr'><strong>fuerunt</strong></span> <span class='ocrx_word' id='word_1_126' title='bbox 623 2677 913 2774; x_wconf 86' lang='lat' dir='ltr'><strong>quidem</strong></span> <span class='ocrx_word' id='word_1_127' title='bbox 948 2680 1136 2749; x_wconf 85' lang='lat' dir='ltr'><strong>inter</strong></span> <span class='ocrx_word' id='word_1_128' title='bbox 1178 2677 1555 2775; x_wconf 79' lang='lat' dir='ltr'><strong>AEgyptios</strong></span> <span class='ocrx_word' id='word_1_129' title='bbox 1603 2676 1724 2774; x_wconf 87' lang='lat' dir='ltr'><strong>qui</strong></span> <span class='ocrx_word' id='word_1_130' title='bbox 1767 2702 1933 2747; x_wconf 91' lang='lat' dir='ltr'><strong>cum</strong></span> <span class='ocrx_word' id='word_1_131' title='bbox 1960 2676 2191 2748; x_wconf 88' lang='lat' dir='ltr'><strong>Persis</strong></span> <span class='ocrx_word' id='word_1_132' title='bbox 2222 2676 2358 2749; x_wconf 89' lang='lat' dir='ltr'><strong>ad-</strong></span> 
     </span>
     <span class='ocr_line' id='line_1_21' title="bbox 296 2788 2359 2887; baseline 0 -28"><span class='ocrx_word' id='word_1_133' title='bbox 296 2813 545 2861; x_wconf 86' lang='lat' dir='ltr'><strong>versus</strong></span> <span class='ocrx_word' id='word_1_134' title='bbox 598 2788 1066 2863; x_wconf 88' lang='lat' dir='ltr'><strong>Athenienses</strong></span> <span class='ocrx_word' id='word_1_135' title='bbox 1108 2789 1381 2862; x_wconf 90' lang='lat' dir='ltr'><strong>bellum</strong></span> <span class='ocrx_word' id='word_1_136' title='bbox 1432 2804 1811 2887; x_wconf 80' lang='lat' dir='ltr'><strong>gererent,</strong></span> <span class='ocrx_word' id='word_1_137' title='bbox 1853 2790 2085 2887; x_wconf 85' lang='lat' dir='ltr'><strong>major</strong></span> <span class='ocrx_word' id='word_1_138' title='bbox 2120 2803 2359 2861; x_wconf 84' lang='lat' dir='ltr'><strong>tamen</strong></span> 
     </span>
     <span class='ocr_line' id='line_1_22' title="bbox 296 2900 1521 3000; baseline -0.001 -28"><span class='ocrx_word' id='word_1_139' title='bbox 296 2928 463 2999; x_wconf 85' lang='lat' dir='ltr'><strong>pars</strong></span> <span class='ocrx_word' id='word_1_140' title='bbox 488 2900 580 2974; x_wconf 88' lang='lat' dir='ltr'><strong>ab</strong></span> <span class='ocrx_word' id='word_1_141' title='bbox 612 2901 877 2975; x_wconf 91' lang='lat' dir='ltr'><strong>horum</strong></span> <span class='ocrx_word' id='word_1_142' title='bbox 903 2901 1228 3000; x_wconf 85' lang='lat' dir='ltr'><strong>partibus</strong></span> <span class='ocrx_word' id='word_1_143' title='bbox 1269 2900 1521 2973; x_wconf 84' lang='lat' dir='ltr'><strong>stabat.</strong></span> 
     </span>
    </p>

    <p class='ocr_par' dir='ltr' id='par_1_4' title="bbox 296 3012 2361 3807">
     <span class='ocr_line' id='line_1_23' title="bbox 395 3012 2357 3122; baseline -0.001 -36"><span class='ocrx_word' id='word_1_144' title='bbox 395 3016 568 3087; x_wconf 88' lang='lat' dir='ltr'><strong>Haec</strong></span> <span class='ocrx_word' id='word_1_145' title='bbox 624 3015 712 3087; x_wconf 93' lang='lat' dir='ltr'><strong>de</strong></span> <span class='ocrx_word' id='word_1_146' title='bbox 753 3015 1115 3113; x_wconf 81' lang='lat' dir='ltr'><strong>AEschylo.</strong></span> <span class='ocrx_word' id='word_1_147' title='bbox 1155 3016 1218 3086; x_wconf 90' lang='lat' dir='ltr'>E</span> <span class='ocrx_word' id='word_1_148' title='bbox 1256 3012 1672 3122; x_wconf 89' lang='lat' dir='ltr'><strong>Sophocleis</strong></span> <span class='ocrx_word' id='word_1_149' title='bbox 1713 3040 1877 3112; x_wconf 87' lang='lat' dir='ltr'><strong>quae</strong></span> <span class='ocrx_word' id='word_1_150' title='bbox 1924 3029 2206 3085; x_wconf 81' lang='lat' dir='ltr'><strong>exstant</strong></span> <span class='ocrx_word' id='word_1_151' title='bbox 2248 3016 2357 3084; x_wconf 80' lang='lat' dir='ltr'><strong>fa-</strong></span> 
     </span>
     <span class='ocr_line' id='line_1_24' title="bbox 298 3127 2357 3226; baseline -0.001 -26"><span class='ocrx_word' id='word_1_152' title='bbox 298 3127 487 3200; x_wconf 87' lang='lat' dir='ltr'><strong>bulis</strong></span> <span class='ocrx_word' id='word_1_153' title='bbox 523 3154 661 3199; x_wconf 90' lang='lat' dir='ltr'><strong>una</strong></span> <span class='ocrx_word' id='word_1_154' title='bbox 694 3142 973 3199; x_wconf 88' lang='lat' dir='ltr'><strong>tantum</strong></span> <span class='ocrx_word' id='word_1_155' title='bbox 1004 3127 1092 3199; x_wconf 91' lang='lat' dir='ltr'><strong>ad</strong></span> <span class='ocrx_word' id='word_1_156' title='bbox 1122 3127 1572 3199; x_wconf 76' lang='lat' dir='ltr'><strong>Athenarum</strong></span> <span class='ocrx_word' id='word_1_157' title='bbox 1619 3127 1947 3226; x_wconf 85' lang='lat' dir='ltr'><strong>antiquas</strong></span> <span class='ocrx_word' id='word_1_158' title='bbox 1986 3151 2099 3198; x_wconf 86' lang='lat' dir='ltr'><strong>res</strong></span> <span class='ocrx_word' id='word_1_159' title='bbox 2126 3128 2357 3223; x_wconf 88' lang='lat' dir='ltr'><strong>perti-</strong></span> 
     </span>
     <span class='ocr_line' id='line_1_25' title="bbox 296 3239 2350 3339; baseline -0.001 -26"><span class='ocrx_word' id='word_1_160' title='bbox 296 3257 426 3313; x_wconf 90' lang='lat' dir='ltr'><strong>net</strong></span> <span class='ocrx_word' id='word_1_161' title='bbox 449 3296 467 3325; x_wconf 93' lang='lat'>,</span> <span class='ocrx_word' id='word_1_162' title='bbox 509 3239 836 3339; x_wconf 89' lang='lat' dir='ltr'><strong>OEdipus</strong></span> <span class='ocrx_word' id='word_1_163' title='bbox 868 3241 1262 3329; x_wconf 89' lang='lat' dir='ltr'><strong>Coloneus;</strong></span> <span class='ocrx_word' id='word_1_164' title='bbox 1302 3242 1413 3311; x_wconf 87' lang='lat' dir='ltr'><strong>cui</strong></span> <span class='ocrx_word' id='word_1_165' title='bbox 1445 3239 1709 3313; x_wconf 86' lang='lat' dir='ltr'><strong>addere</strong></span> <span class='ocrx_word' id='word_1_166' title='bbox 1747 3241 1971 3337; x_wconf 88' lang='lat' dir='ltr'><strong>possis</strong></span> <span class='ocrx_word' id='word_1_167' title='bbox 2008 3240 2299 3338; x_wconf 88' lang='lat' dir='ltr'><strong>Ajacem</strong></span> <span class='ocrx_word' id='word_1_168' title='bbox 2330 3294 2350 3327; x_wconf 94' lang='lat'><strong><em>,</em></strong></span> 
     </span>
     <span class='ocr_line' id='line_1_26' title="bbox 297 3352 2359 3454; baseline -0 -28"><span class='ocrx_word' id='word_1_169' title='bbox 297 3353 389 3426; x_wconf 88' lang='lat' dir='ltr'><strong>ab</strong></span> <span class='ocrx_word' id='word_1_170' title='bbox 416 3353 676 3427; x_wconf 84' lang='lat' dir='ltr'><strong>Atticis</strong></span> <span class='ocrx_word' id='word_1_171' title='bbox 708 3352 1183 3454; x_wconf 79' lang='lat' dir='ltr'><strong>religionibus</strong></span> <span class='ocrx_word' id='word_1_172' title='bbox 1207 3380 1355 3427; x_wconf 90' lang='lat' dir='ltr'><strong>non</strong></span> <span class='ocrx_word' id='word_1_173' title='bbox 1385 3354 1728 3426; x_wconf 88' lang='lat' dir='ltr'><strong>alienum.</strong></span> <span class='ocrx_word' id='word_1_174' title='bbox 1763 3355 1844 3425; x_wconf 87' lang='lat' dir='ltr'><strong>In</strong></span> <span class='ocrx_word' id='word_1_175' title='bbox 1884 3355 2187 3453; x_wconf 76' lang='lat' dir='ltr'><strong>OEdipo</strong></span> <span class='ocrx_word' id='word_1_176' title='bbox 2221 3357 2359 3426; x_wconf 87' lang='lat' dir='ltr'><strong>Co-</strong></span> 
     </span>
     <span class='ocr_line' id='line_1_27' title="bbox 299 3465 2352 3567; baseline 0 -28"><span class='ocrx_word' id='word_1_177' title='bbox 299 3468 508 3540; x_wconf 82' lang='lat' dir='ltr'><strong>loneo</strong></span> <span class='ocrx_word' id='word_1_178' title='bbox 558 3467 805 3541; x_wconf 86' lang='lat' dir='ltr'><strong>eadem</strong></span> <span class='ocrx_word' id='word_1_179' title='bbox 841 3468 990 3539; x_wconf 82' lang='lat' dir='ltr'><strong>sere</strong></span> <span class='ocrx_word' id='word_1_180' title='bbox 1035 3494 1199 3567; x_wconf 88' lang='lat' dir='ltr'><strong>quae</strong></span> <span class='ocrx_word' id='word_1_181' title='bbox 1230 3469 1301 3539; x_wconf 87' lang='lat' dir='ltr'><strong>in</strong></span> <span class='ocrx_word' id='word_1_182' title='bbox 1340 3465 1866 3539; x_wconf 87' lang='lat' dir='ltr'><strong>Eumenidibus</strong></span> <span class='ocrx_word' id='word_1_183' title='bbox 1899 3484 2296 3541; x_wconf 84' lang='lat' dir='ltr'><strong>occurrunt</strong></span> <span class='ocrx_word' id='word_1_184' title='bbox 2336 3498 2352 3539; x_wconf 75' lang='grc' dir='ltr'><strong><em>ε</em></strong></span> 
     </span>
     <span class='ocr_line' id='line_1_28' title="bbox 302 3579 2361 3686; baseline -0.001 -31"><span class='ocrx_word' id='word_1_185' title='bbox 302 3608 474 3655; x_wconf 85' lang='lat' dir='ltr'><strong>nam</strong></span> <span class='ocrx_word' id='word_1_186' title='bbox 499 3599 571 3654; x_wconf 87' lang='lat' dir='ltr'><strong>et</strong></span> <span class='ocrx_word' id='word_1_187' title='bbox 593 3610 787 3655; x_wconf 88' lang='lat' dir='ltr'><strong>sacra</strong></span> <span class='ocrx_word' id='word_1_188' title='bbox 819 3582 1150 3686; x_wconf 75' lang='lat' dir='ltr'><strong>quaedam</strong></span> <span class='ocrx_word' id='word_1_189' title='bbox 1181 3582 1503 3653; x_wconf 89' lang='lat' dir='ltr'><strong>instituta</strong></span> <span class='ocrx_word' id='word_1_190' title='bbox 1534 3579 2216 3653; x_wconf 75' lang='lat' dir='ltr'><strong>circumfunduntur</strong></span> <span class='ocrx_word' id='word_1_191' title='bbox 2238 3608 2361 3653; x_wconf 89' lang='lat' dir='ltr'><strong>an-</strong></span> 
     </span>
     <span class='ocr_line' id='line_1_29' title="bbox 304 3693 2361 3807; baseline 0 -42"><span class='ocrx_word' id='word_1_192' title='bbox 304 3697 660 3796; x_wconf 88' lang='lat' dir='ltr'><strong>tiquitatis</strong></span> <span class='ocrx_word' id='word_1_193' title='bbox 692 3695 1105 3793; x_wconf 84' lang='lat' dir='ltr'><strong>splendore,</strong></span> <span class='ocrx_word' id='word_1_194' title='bbox 1139 3711 1209 3767; x_wconf 87' lang='lat' dir='ltr'><strong>et</strong></span> <span class='ocrx_word' id='word_1_195' title='bbox 1230 3711 1646 3781; x_wconf 76' lang='lat' dir='ltr'><strong>extraneuS,</strong></span> <span class='ocrx_word' id='word_1_196' title='bbox 1688 3693 1780 3765; x_wconf 86' lang='lat' dir='ltr'><strong>ab</strong></span> <span class='ocrx_word' id='word_1_197' title='bbox 1803 3693 2361 3807; x_wconf 81' lang='lat' dir='ltr'><strong>Atheniensibus</strong></span> 
     </span>
    </p>
   </div>
   <div class='ocr_carea' id='block_1_4' title="bbox 396 3954 1389 4034">
    <p class='ocr_par' dir='ltr' id='par_1_5' title="bbox 396 3954 1389 4034">
     <span class='ocr_line' id='line_1_30' title="bbox 396 3954 1389 4034; baseline 0.003 -23"><span class='ocrx_word' id='word_1_198' title='bbox 396 3959 410 3987; x_wconf 86' lang='lat'><strong>¹</strong></span> <span class='ocrx_word' id='word_1_199' title='bbox 465 3955 541 4014; x_wconf 87' lang='lat' dir='ltr'><strong>V.</strong></span> <span class='ocrx_word' id='word_1_200' title='bbox 584 3956 785 4028; x_wconf 69' lang='lat' dir='ltr'><strong>Potin,</strong></span> <span class='ocrx_word' id='word_1_201' title='bbox 816 3956 854 4013; x_wconf 85' lang='lat' dir='ltr'><strong>l.</strong></span> <span class='ocrx_word' id='word_1_202' title='bbox 890 3956 930 4014; x_wconf 85' lang='lat' dir='ltr'><strong>I.</strong></span> <span class='ocrx_word' id='word_1_203' title='bbox 974 3969 1010 4013; x_wconf 81' lang='lat' dir='ltr'><strong>t.</strong></span> <span class='ocrx_word' id='word_1_204' title='bbox 1051 3954 1080 4012; x_wconf 88' lang='lat' dir='ltr'><strong>l</strong></span> <span class='ocrx_word' id='word_1_205' title='bbox 1111 4000 1123 4028; x_wconf 85' lang='lat'>,</span> <span class='ocrx_word' id='word_1_206' title='bbox 1156 3978 1214 4034; x_wconf 85' lang='lat' dir='ltr'><strong>p.</strong></span> <span class='ocrx_word' id='word_1_207' title='bbox 1256 3956 1389 4014; x_wconf 81' lang='lat'>161.</span> 
     </span>
    </p>
   </div>
  </div>
 </body>
</html>
