3034 5050
679 513 760 571 38
1166 524 1251 572 DE
1298 524 1820 572 TRAGossnlARUM
1867 523 2245 573 GRAEGARUM

675 654 764 728 ad
797 655 1301 754 Amphipolim
1338 657 1794 729 commissum
1849 672 2001 728 acta
2053 656 2188 738 sit,
2246 653 2335 726 ad
2383 654 2731 728 Cleonem

677 767 1061 842 reserenda.
1083 794 1229 841 esse
1258 793 1512 842 censeo
1541 768 1693 841 haec
1726 770 2120 867 fragmenta
2164 794 2203 839 a
2248 765 2538 841 Stobaeo
2570 791 2733 839 ser-

675 897 832 953 vata
871 883 976 978 (1)
1015 911 1034 952 z

1003 1053 1077 1128 ἀς
1106 1070 1200 1120 σὺν
1233 1068 1394 1121 θεοῖσι
1423 1071 1542 1128 τοὺς
1571 1070 1757 1140 σοφοὺς
1785 1073 1942 1120 κινεῖν
1973 1062 2099 1141 δόρυ

1000 1162 1368 1240 Στρατηλάτας
1389 1171 1499 1241 χρή
1524 1209 1541 1239 ‚
1568 1173 1670 1218 τῶν
1691 1167 1817 1218 θεῶν
1847 1160 1903 1217 δὲ
1927 1168 1996 1237 μὴ
2029 1161 2235 1237 βίᾳ.-

999 1257 1183 1324 Οὓδείς
1206 1266 1537 1338 στρατεύσας
1564 1258 1727 1316 ἄδικα
1758 1269 1859 1323 σῶς
1892 1258 2040 1320 ἦλθεν
2071 1258 2249 1315 πάλιν.

770 1459 955 1531 Sunt
982 1485 1148 1533 sane
1179 1487 1342 1560 quae
1383 1464 1656 1560 opponi
1691 1461 1968 1559 possint
2023 1458 2192 1531 huic
2232 1456 2724 1554 disputationi.

672 1572 1008 1671 AEquales
1024 1574 1220 1645 enim
1237 1576 1533 1648 fuerunt
1552 1573 1938 1672 Sophocles
1948 1589 2021 1645 et
2040 1569 2419 1668 Euripides
2433 1626 2454 1661 ,
2483 1569 2731 1642 iisdem

672 1706 860 1781 saepe
922 1685 1115 1757 feriis
1176 1688 1550 1786 utriusque
1618 1686 1879 1759 fabulae
1931 1683 2405 1770 docebantur,
2484 1682 2731 1754 iisdem

671 1813 976 1897 uterque
1010 1797 1348 1871 utebatur
1383 1799 1929 1897 spectatoribus,
1969 1797 2107 1892 Qui
2143 1797 2200 1868 si
2237 1797 2309 1868 in
2363 1794 2731 1892 Euripidis

674 1909 1047 2008 tragoediis
1082 1911 1413 1983 solebant
1443 1912 1533 1984 ad
1568 1913 1847 2011 singula
1906 1910 2124 1982 verba
2171 1908 2545 1981 attendere
2574 1964 2593 1997 ,
2648 1934 2739 1979 ac*

676 2024 923 2096 rimari
965 2050 1126 2122 quae
1163 2023 1250 2096 ad
1295 2052 1450 2107 suas
1508 2027 1831 2123 ipsorum
1877 2049 1990 2096 res
2038 2024 2433 2111 referrent,
2481 2047 2731 2095 nonne

675 2148 1234 2209 consentaneum
1254 2154 1359 2210 est
1391 2137 1580 2211 idem
1622 2164 1741 2211 eos
1771 2137 2010 2211 fecisse
2039 2138 2113 2208 in
2148 2135 2521 2234 Sophoclis
2557 2136 2732 2208 alio·

674 2275 983 2349 rumque
1004 2251 1259 2322 sabulis
1278 2250 1705 2347 spectandiS,
1736 2269 1952 2350 atque
1976 2250 2370 2349 quaerendo
2406 2252 2730 2345 profecto

673 2365 887 2435 etiam
927 2359 1331 2436 invenisse?
1364 2406 1463 2420 —-
1494 2363 1593 2435 At
1626 2389 1703 2436 ea
1763 2381 1869 2436 est
1915 2363 2101 2434 ratio
2159 2359 2730 2457 Sophoclearum

670 2475 1115 2567 fabularum,
1153 2492 1237 2550 ut
1271 2501 1505 2577 neque
1533 2477 1621 2550 de
1656 2493 1864 2576 poeta
1915 2499 2147 2575 neque
2197 2472 2284 2547 de
2312 2498 2385 2546 se
2408 2476 2728 2573 cogitare

674 2607 960 2687 possent
982 2590 1309 2664 homines
1326 2646 1348 2681 ,
1369 2584 1601 2691 neque
1618 2593 1923 2665 omnino
1940 2589 2031 2672 de,
2044 2588 2279 2661 fabula
2295 2590 2725 2688 cogitarent,

671 2702 793 2776 sed
820 2704 954 2776 toti
984 2721 1216 2777 essent
1250 2706 1321 2777 in
1358 2705 1594 2777 sabula
1612 2736 1634 2795 ;
1664 2703 2219 2802 Euripidearum
2253 2728 2332 2774 ea
2357 2757 2379 2792 ‚
2417 2718 2500 2773 ut
2534 2726 2730 2774 sem-

669 2840 804 2913 per
837 2815 930 2886 ab
981 2842 1199 2913 opere
1253 2834 1771 2889 revocarentur
1825 2817 1915 2889 ad
1974 2816 2323 2888 artificem
2348 2869 2369 2903 ,
2422 2843 2461 2887 a
2512 2814 2729 2887 rebus

670 2926 853 3000 fictis
885 2927 975 2999 ad
1000 2930 1541 3025 compositionis
1575 2930 1973 3019 rationem,
2009 2956 2046 3000 a
2079 2929 2464 3027 spectando
2494 2926 2727 3027 adju-

668 3040 936 3113 dicium
999 3040 1416 3130 serendum,
1458 3060 1672 3143 atque
1733 3044 2076 3131 omnino,
2133 3059 2226 3113 ‘ut
2282 3043 2379 3114 ita
2439 3040 2671 3113 dicam
2700 3095 2722 3127 ,

669 3156 1218 3227 instituerentur
1250 3155 1338 3228 ad
1372 3158 1696 3229 criticam
1733 3172 1964 3250 artem
1997 3153 2491 3229 exercendam.
2548 3155 2730 3226 Per—

666 3294 862 3341 sonae
886 3267 1334 3367 Sophocleae,
1357 3294 1396 3341 e
1419 3286 1652 3367 poetae
1679 3268 2010 3342 manibus
2036 3270 2336 3355 emissae,
2371 3267 2443 3338 in
2466 3292 2539 3339 se
2563 3268 2729 3364 ipsis

667 3383 1033 3469 nituntur,
1080 3383 1450 3479 propriam
1497 3399 1572 3454 et
1609 3408 1810 3454 suam
1841 3384 2067 3454 vitam
2110 3396 2333 3479 agunt
2358 3410 2377 3467 3
2424 3380 2727 3478 Euripi-

665 3493 856 3584 deae,
897 3495 1342 3567 curaliorum
1391 3497 1643 3583 instar,
1699 3522 1866 3569 cum
1918 3519 1999 3567 ea
2032 3493 2229 3593 quasi
2274 3493 2499 3591 stirpe
2535 3490 2727 3565 unde

667 3609 886 3678 vitam
922 3623 1300 3679 traxerunt
1344 3632 1628 3707 semper
1676 3607 2079 3697 cohaerent,
2137 3632 2369 3706 neque
2430 3621 2727 3703 possunt

751 3860 768 3886 ¹
826 3848 986 3908 Stob.
1054 3848 1228 3920 LIV,
1291 3853 1400 3927 12,
1458 3852 1559 3913 13.
1604 3850 1912 3911 Erechthei
1991 3851 2196 3932 fragm.
2250 3851 2327 3922 6,
2384 3846 2459 3921 4,
2520 3847 2724 3908 Dindf.

666 3949 902 4023 (11,12
943 3946 1271 4025 Wagner),
