3034 5050
633 471 713 526 26
1126 480 1208 525 DE
1254 479 1776 526 'rnAGoEmAuUM
1811 477 2188 525 GnAECARUM

628 611 770 699 vir,
807 612 881 685 in
913 637 1058 708 quo
1091 636 1221 682 nec
1256 609 1610 683 doctrinae
1648 611 1929 706 copiam
1962 609 2313 682 desideres
2338 664 2355 696 ,
2402 634 2533 680 nec
2572 609 2689 679 in-

631 723 823 821 genii
857 748 1187 813 acu-men,
1230 722 1368 794 Ad.
1411 720 1796 796 Schoellius
1827 740 1875 795 ¹.
1907 724 2041 817 Qui
2076 724 2149 795 in
2173 721 2465 820 OEdipo
2494 723 2689 819 Rege

634 839 1035 934 (pergamus
1067 836 1266 908 euim
1303 839 1375 909 in
1398 836 1528 908 hac
1565 835 1918 935 tragoedia
1953 834 2404 933 illustranda)
2433 833 2521 907 ad
2547 835 2692 907 Pe-

635 949 892 1021 riclem
920 949 1174 1048 respici
1193 951 1614 1022 Hermanno
1636 951 1972 1048 largitur,
2006 946 2127 1021 sed
2165 975 2311 1021 nou
2346 948 2689 1046 exagitari

634 1089 993 1135 sum-mum
1031 1063 1294 1149 virum,
1325 1062 1446 1134 sed
1491 1061 1765 1134 laudari
1795 1080 1866 1135 et
1895 1061 2384 1135 commendari
2415 1051 2685 1132 statuit.

633 1174 888 1272 Operae
918 1176 1228 1273 pretium
1253 1192 1359 1248 est
1384 1174 1630 1247 videre
1663 1174 2031 1274 quomodo
2050 1200 2137 1247 ex
2159 1173 2406 1247 eadem
2424 1173 2687 1258 sabula,

633 1312 721 1359 ex
776 1287 1025 1360 iisdem
1070 1288 1344 1379 verbiS,
1378 1286 1626 1360 eadem
1658 1289 1806 1360 sere
1833 1286 2307 1360 ratiocinandi
2342 1289 2448 1359 via
2473 1342 2495 1376 ,
2532 1285 2693 1357 duae

634 1402 1006 1473 sententiae
1051 1402 1264 1499 plane
1310 1401 1613 1475 diversae
1643 1402 1836 1474 inter
1862 1428 1934 1474 se
1963 1428 2125 1474 cum
2150 1402 2385 1501 aliqua
2415 1399 2695 1500 proba-

637 1514 935 1586 bilitatis
974 1517 1205 1614 specie
1244 1515 1401 1588 elici
1444 1517 1847 1614 potuerint.
1885 1515 2271 1613 Sophocles
2304 1514 2690 1600 nimirum,

637 1655 799 1727 quae
851 1630 999 1729 ejus
1057 1646 1212 1705 erat
1260 1630 1494 1702 ironia
1529 1685 1550 1717 ,
1610 1657 1647 1701 a
1709 1630 1981 1728 populo
2039 1628 2390 1701 Thebano
2454 1628 2700 1699 eadem

637 1739 928 1839 OEdipo
975 1743 1350 1814 vanissima
1389 1744 1618 1842 ingeri
1654 1743 1958 1814 crimina
1994 1741 2203 1814 finxit
2223 1796 2244 1831 ,
2272 1739 2532 1840 quibus
2559 1739 2699 1810 Pe-

577 1894 590 1912 ·
641 1853 850 1925 ricles
884 1853 975 1925 ab
1015 1854 1436 1928 Atheniensi
1475 1855 1844 1954 plebecula
1882 1855 2354 1927 obruebatur.
2390 1855 2545 1927 Hoc
2566 1850 2700 1923 sibi

642 1967 900 2039 volunt
958 1967 1064 2038 illi
1117 1970 1307 2040 muri
1352 1994 1706 2068 navesque
1763 1967 2177 2041 hominibus
2227 1994 2466 2041 vacuae
2487 2021 2510 2056 ,
2564 1965 2703 2036 hoc

643 2081 946 2152 stultum
974 2080 1154 2152 illud
1185 2099 1257 2152 et
1287 2083 1614 2181 iniquum
1652 2081 1849 2183 quod
1870 2080 1963 2153 ab
1997 2079 2286 2180 OEdipo
2310 2079 2696 2177 expetitur,

645 2210 726 2265 ut
759 2194 976 2291 pestis
1001 2193 1343 2266 divinitus
1372 2196 1680 2267 immissa
1716 2193 2031 2267 hominis
2050 2220 2268 2293 opera
2289 2195 2404 2266 vel
2426 2194 2703 2290 sapien-

647 2308 893 2379 tissimi
952 2322 1341 2379 avertatur.
1411 2307 1547 2399 Qui
1614 2306 1915 2379 deorum
1964 2308 2163 2405 signa
2234 2321 2706 2377 contemnere

644 2419 1124 2517 perhibentur
1147 2474 1167 2507 ,
1214 2418 1414 2517 impii
1455 2421 1570 2492 vel
1604 2446 1825 2491 manu
1851 2420 1967 2491 vel
2011 2420 2254 2517 lingua
2277 2435 2506 2506 ,sunt
2538 2443 2705 2489 sane

643 2534 936 2607 Periclis
963 2535 1200 2624 amici,
1233 2533 1543 2625 Phidias,
1577 2537 1699 2635 qui
1733 2536 1807 2606 in
1846 2534 2193 2608 Minervae
2224 2534 2473 2631 clypeo
2504 2559 2706 2604 suam

642 2662 715 2718 et
735 2646 1031 2724 fautoris
1057 2646 1399 2745 imagines
1432 2650 1805 2745 expressit,
1826 2645 2314 2744 Anaxagoms,
2342 2648 2467 2746 qui
2486 2672 2708 2744 popu-

645 2758 914 2830 laribus
969 2758 1444 2857 religionibus
1492 2758 1709 2831 fidem
1760 2758 2193 2858 denegabat,
2255 2760 2371 2831 hic
2412 2761 2701 2857 lingua,

647 2873 768 2944 ille
801 2898 1022 2970 manu
1066 2870 1367 2943 deorum
1433 2888 1997 2969 contemptores.
2062 2873 2357 2972 Ergone
2413 2872 2707 2955 Periclis

646 2986 856 3057 amici
915 2981 1398 3057 accusantur?
1456 2985 1785 3059 Minime.
1862 2987 2106 3059 Animi
2164 2985 2708 3085 perturbatione

567 3110 572 3115 “
648 3097 986 3196 abreptus
1023 3124 1234 3171 vanas
1288 3096 1570 3169 Chorus
1589 3099 1765 3198 jacit
1792 3100 2183 3172 calumnias
2203 3129 2225 3190 3
2260 3126 2432 3198 quas
2468 3099 2711 3170 statim

650 3211 928 3285 refellet
951 3213 993 3281 J
998 3227 1257 3299 ocasta,
1286 3210 1664 3308 proditura
1684 3238 1723 3285 e
1743 3214 1960 3313 regiis
1984 3212 2284 3301 aedibus,
2310 3230 2390 3283 ut
2406 3210 2711 3284 deorum

655 3326 837 3396 iram
860 3322 1069 3396 thure
1083 3324 1561 3423 precibusque
1580 3326 1837 3423 placet.
1861 3327 2039 3420 Quae
2066 3329 2142 3399 in
2162 3325 2414 3399 eodem
2432 3324 2712 3398 cantico

651 3436 740 3510 de
786 3455 1260 3535 tyrannorum
1290 3437 1621 3536 superbia
1662 3438 2194 3537 praedicantur,-
2217 3465 2370 3513 non
2405 3439 2495 3512 ad
2523 3440 2715 3510 Peri—

653 3550 874 3639 clem,
913 3549 1049 3622 sed·
1068 3548 1157 3621 ad
1195 3549 1575 3624 Thebanos
1613 3553 1981 3627 referenda
2029 3569 2197 3626 sunt
2255 3553 2714 3651 optimatium

657 3664 975 3782 imperio¹
1000 3678 1301 3736 utentes.
1338 3665 1501 3738 Jam
1542 3693 1714 3742 vero
1757 3666 1889 3741 sub
1940 3667 2208 3766 OEdipi
2246 3693 2547 3765 persona
2588 3666 2713 3735 irae

742 3914 758 3937 ¹
809 3900 1053 3958 Schoell.
1089 3902 1128 3957 l.
1157 3900 1196 3959 l.
