3034 5050
684 514 764 570 18
1157 532 1241 579 ne
1288 520 1806 575 TnAGoemAssuM
1855 516 2231 566 GaAEcAacn

677 694 941 753 runtur
980 672 1084 769 (vu
1118 654 1690 759 32l).·Laudatio
1717 650 1983 725 ducum
2020 649 2463 747 Argivorum
2501 644 2591 714 ita
2631 656 2737 713 est

678 791 1039 874 instituta,
1098 794 1181 850 ut
1238 769 1551 846 nesciam
1607 793 1699 838 an
1753 762 2125 835 rideantur
2187 754 2738 830 Atheniensium

675 914 999 1002 ἐπιτάφιοι.
1044 887 1232 965 Illud
1269 899 1463 958 certe
1499 893 1934 977 spectatores
1982 875 2229 972 fugere
2263 895 2409 943 non
2449 880 2741 965 poterat

674 1044 820 1103 e05,
860 1032 1173 1112 quorum
1206 994 1608 1072 moderatio
1640 990 1731 1063 ab
1761 988 2069 1060 Adrasto
2095 982 2530 1067 celebretur,
2571 1004 2738 1051 eos..
2803 976 2828 1034 ’.

673 1130 842 1202 dem
878 1117 1207 1221 superbia
1232 1137 1352 1184 sua
1381 1108 1684 1179 deorum
1723 1103 1904 1173 iram
1940 1098 2242 1170 meritos
2281 1119 2453 1167 esse.
2500 1091 2740 1188 Atque

674 1241 1022 1324 omnino,
1063 1226 1303 1330 paucis
1339 1220 1513 1294 locis
1562 1216 1874 1312 exceptis
1900 1266 1918 1295 ,
1956 1210 2160 1283 facile
2198 1207 2552 1304 intelligas
2586 1228 2736 1275 non

677 1352 868 1454 apud
899 1348 1254 1421 Theseum
1288 1352 1362 1408 et
1392 1329 1730 1405 AE'thram
1783 1324 2051 1397 versari
2094 1336 2323 1419 poetae
2372 1319 2693 1390 animum
2717 1370 2736 1401 ,

581 1484 586 1488 ’
678 1467 799 1542 sed
841 1467 913 1536 in
956 1456 1193 1532 medio
1233 1452 1394 1523 foro
1433 1460 1506 1517 et
1552 1444 1743 1512 inter
1792 1464 1939 1509 suae
1979 1435 2208 1508 aetatis
2245 1429 2741 1503 Athenienses.

680 1583 844 1675 Quo
881 1572 1173 1649 nomine
1220 1562 1313 1636 ab
1343 1537 1656 1652 AEschffli
1700 1546 2224 1624 Eumenidibus
2258 1544 2504 1616 diflert
2533 1541 2750 1612 Enri-

679 1694 864 1794 pidis
898 1683 1267 1784 Supplices
1289 1691 1362 1748 et
1393 1671 1484 1743 ab
1517 1665 1897 1766 Sophoclis
1912 1659 2201 1758 OEdipo
2235 1657 2586 1730 Coloneo.
2631 1650 2750 1723 Ab

631 1822 645 1829 ‘
681 1802 1017 1900 AEschylo
1058 1795 1255 1868 enim
1287 1804 1361 1861 et
1407 1781 1765 1882 Sophocle
1818 1773 2287 1874 rapiebantur
2319 1783 2752 1868 spectatores

584 2013 602 2023 .
641 1921 760 2005 „in
797 1916 1170 2013 antiquam
1198 1903 1400 1976 illam
1424 1914 1495 1970 et
1529 1890 2016 1966 venerabilem
2063 1891 2349 1957 aetatem
2373 1938 2394 1972 ,
2438 1879 2753 1977 deosque

686 2049 760 2105 et
794 2030 1047 2102 heroes
1080 2016 1308 2092 oculis
1342 2037 1414 2084 se
1454 2005 1700 2082 videre
1751 2003 1885 2074 sibi
1935 1995 2505 2098 persuadebant3
2542 1992 2664 2091 qui
2698 1991 2756 2061 si

684 2145 873 2217 forte
906 2131 1351 2210 divinatione
1385 2120 1706 2223 praediti,
1743 2142 1822 2189 ea
1858 2108 2383 2211 expromebant
2426 2132 2589 2206 quae
2631 2129 2761 2174 no·-

689 2251 995 2326 vissimis
1032 2238 1476 2340 temporibus
1509 2246 1850 2305 eventum
1894 2224 2226 2297 habitura
2258 2234 2517 2306 essent,
2565 2231 2758 2288 tanta

693 2377 850 2444 erat
884 2379 1360 2464 personarum
1393 2348 1701 2450 gravitas
1720 2399 1741 2433 ,
1772 2357 2061 2438 tamque
2081 2361 2216 2434 per
2236 2357 2534 2408 omnem
2564 2329 2764 2401 sabu-

694 2484 843 2556 lam
868 2478 974 2551 sui
1002 2484 1210 2547 erant
1236 2464 1495 2538 similes
1528 2457 1804 2557 sibique
1830 2463 2235 2527 constantes
2255 2501 2274 2535 ‚
2304 2461 2385 2516 ut
2418 2470 2570 2517 non
2601 2441 2763 2515 ficta

699 2593 819 2668 sed
849 2616 1018 2663 vera
1053 2612 1092 2658 e
1129 2574 1624 2655 remotissimis
1668 2565 2117 2666 temporibus
2155 2586 2304 2660 vox
2353 2557 2439 2629 ad
2484 2573 2766 2656 specta-

701 2725 893 2780 tores
926 2695 1307 2801 pervenire
1343 2688 1736 2761 videretur.
1791 2678 2004 2779 Apud
2036 2673 2464 2773 Euripidem
2512 2686 2765 2743 contra

702 2817 945 2894 omnia
985 2814 1217 2883 lusum
1238 2800 1597 2902 quendam
1629 2820 1775 2868 esse
1809 2807 2131 2890 apparet,
2176 2786 2444 2887 ingenii
2476 2781 2772 2882 quidem

705 2920 1096 3002 suavissimi
1140 2932 1214 2989 et
1280 2909 1666 2985 acutissimi
1728 2937 1746 2978 t
1805 2907 1971 2977 licet
2024 2901 2440 3001 conspicere
2484 2912 2774 2995 poetam

710 3038 930 3115 modo
987 3036 1334 3107 latentem
1375 3026 1521 3096 sive
1566 3021 1810 3121 potius
1871 3030 2361 3115 emergentem
2401 3037 2485 3083 ex
2520 3008 2774 3080 Thesei

713 3154 831 3227 vel
874 3144 1159 3222 Adrasti
1186 3163 1487 3242 persona
1515 3191 1538 3226 ,
1575 3132 1794 3206 modo
1827 3187 1850 3223 ,
1909 3126 2282 3228 tragoediae
2331 3147 2731 3195 memorem
2756 3174 2774 3205 ,

717 3261 1174 3339 recedentem
1209 3278 1454 3326 rursus
1494 3276 1533 3320 a
1566 3272 1773 3319 scena
1808 3262 1881 3317 et
1931 3268 2061 3315 suo
2111 3242 2423 3338 ipsarum
2468 3235 2783 3333 impulsu

704 3394 978 3462 motaS,
1029 3396 1232 3443 veras
1280 3366 1772 3464 spirantesque
1816 3382 2155 3456 personas
2217 3351 2777 3449 relinquentem.

721 3494 972 3587 Itaque
1006 3482 1191 3581 apud
1220 3472 1646 3574 Euripidem
1691 3497 1853 3571 quae
1882 3469 1972 3541 ad
2011 3492 2168 3539 rem
2201 3462 2569 3563 publicam
2597 3484 2791 3558 spec·

727 3617 911 3685 tant,
952 3597 1170 3668 relata
1193 3591 1534 3678 videntur
1549 3612 1637 3657 ex
1657 3582 1994 3682 praesenti
2026 3582 2096 3651 in
2127 3578 2509 3674 antiquum
2539 3597 2787 3646 rerum

729 3727 994 3785 statum
1016 3761 1040 3796 ,
1104 3700 1293 3801 apud
1353 3698 1769 3793 AEschylum
1837 3691 2413 3790 Sophoclemque
2476 3685 2788 3758 recentia

730 3825 953 3896 fluere
983 3843 1071 3892 ex
1102 3813 1413 3913 antiquis
1455 3826 1669 3908 atque
1699 3805 1863 3878 inde
1896 3804 2155 3876 ducere
2191 3801 2557 3898 originem
2591 3824 2791 3869 suam

732 3954 1111 4029 causasque
1136 3925 1267 3999 tibi
1301 3921 1744 4022 persuadeas.
1777 3919 1954 4011 Quae
1985 3941 2207 4014 quum
2235 3914 2329 3986 ita
2345 3938 2428 3984 se
2450 3910 2788 3998 habeant,
