3034 5050
1307 929 1391 974 ΒΕ

325 1149 1432 1266 TRAGOEDIARUM
1564 1153 2367 1267 GRAECARUM

1296 1435 1391 1472 CUM

500 1639 814 1716 REBUS
875 1641 1336 1718 PUBLICIS
1394 1641 2173 1719 GONJUNCTIONE.

405 2076 788 2162 Homines,
841 2075 1013 2146 dum
1066 2077 1498 2172 praeclarum
1540 2074 1832 2174 aliquod
1867 2078 2041 2146 artis
2088 2100 2360 2148 monu-

304 2206 632 2260 mentum
664 2190 1066 2274 intuentur,
1103 2214 1253 2261 non
1296 2204 1440 2258 tam
1468 2214 1648 2285 opus
1687 2191 1915 2284 ipsum
1940 2215 2156 2287 quam
2183 2193 2359 2261 arti-

302 2302 506 2375 ficem
546 2327 1020 2401 cognoscere,
1059 2300 1443 2387 admirari,
1477 2326 1717 2372 amare
1743 2302 2070 2375 student..
2111 2305 2359 2401 Itaque

298 2417 510 2487 multi
567 2417 829 2487 nostris
888 2414 1328 2512 temporibus
1374 2413 1507 2486 sibi
1564 2431 2141 2511 proposuerunt,
2196 2433 2277 2493 ut
2317 2442 2357 2487 e

301 2529 668 2625 tragoediis
705 2530 952 2625 graecis
990 2546 1354 2614 eruerent,
1414 2554 1562 2599 non
1613 2528 1846 2598 solum
1880 2528 2091 2625 quale
2137 2530 2354 2601 fuerit

295 2660 675 2741 poetarum
747 2642 1158 2740 ingenium,
1231 2668 1392 2741 quae
1445 2640 1534 2711 de
1585 2667 1857 2712 summa
1935 2639 2352 2715 divinarum

293 2757 911 2856 humanarumque
970 2781 1217 2828 rerum
1258 2755 1654 2842 sententia,
1719 2753 1839 2826 sed
1893 2755 2111 2826 etiam
2177 2758 2353 2856 quid

288 2872 642 2943 senserint
685 2869 772 2941 de
809 2869 1224 2968 reipublicae
1253 2884 1475 2955 statu,
1510 2868 1767 2966 quibus
1794 2865 2118 2966 partibus
2152 2868 2350 2943 fave·-

206 3001 217 3010 “
288 2986 481 3070 rint,
538 3009 684 3084 quo
717 2986 987 3057 suerint
1021 2984 1268 3055 animo
1329 2984 1399 3053 in
1466 2982 1886 3069 Cimonem,
1954 2983 2341 3071 Periclem,

295 3095 736 3169 Alcibiadem
759 3152 780 3186 ,
826 3124 1000 3168 num
1038 3095 1311 3168 bellum
1341 3094 2031 3190 Peloponnesiacum
2066 3095 2346 3191 proba-

293 3210 569 3299 verint,
619 3239 710 3282 an
772 3212 960 3307 pacis
1027 3208 1433 3281 exstiterint
1488 3223 1813 3279 auctores
1830 3236 1852 3296 ;
1915 3222 2147 3278 cetera
2210 3212 2344 3281 hoc

291 3350 539 3422 genus,
594 3324 802 3417 Quod
847 3325 902 3396 si
947 3348 1112 3395 vera
1162 3337 1394 3394 essent
1453 3321 1698 3392 omnia
1745 3346 1907 3418 quae
1954 3320 2090 3391 viri
2148 3319 2341 3393 docti

292 3464 524 3536 nuper
555 3438 901 3536 reperisse
927 3436 1062 3509 sibi
1100 3435 1477 3522 videntur,
1517 3434 1729 3505 aliter
1752 3434 2079 3530 profecto
2122 3460 2339 3532 quam

288 3551 517 3623 adhuc
539 3565 1070 3622 consueverunt
1095 3548 1352 3619 harum
1382 3572 1629 3618 rerum
1662 3547 1903 3643 periti,
1933 3562 2005 3617 et
2037 3544 2125 3618 de
2152 3574 2337 3645 poe-

285 3778 548 3850 indole.
581 3777 709 3849 Cui
747 3803 973 3876 quum
1031 3774 1580 3874 exprobraverit
1632 3773 1889 3856 Cleon,
1938 3774 2051 3845 vel
2099 3776 2335 3871 potius

283 3889 761 3989 ThucydideS,
793 3889 988 3988 quod
1020 3891 1090 3960 in
1123 3889 1471 3962 concione
1497 3903 1571 3958 et
1599 3887 1780 3958 veris
1803 3885 2016 3957 rebus
2044 3886 2333 3984 agendis

2045 4007 2070 4067 4
