3034 5050
689 488 824 536 CUM
874 488 1077 536 REBUS
1120 488 1417 536 Punucls
1461 488 1975 538 coNsUNcrloNB.
2292 480 2375 536 35

328 620 451 692 ubi
487 621 875 693 acerrimus
912 623 1032 694 ille
1072 623 1448 695 tectiorum
1493 646 1739 693 rerum
1794 620 2170 720 indagator
2229 637 2248 662 ¹
2304 624 2378 694 in

327 733 629 817 Nestore
698 733 1226 833 Antiphontem
1282 735 1608 833 agnoscit
1633 789 1653 823 ,
1728 734 2050 807 Nestoris
2109 734 2380 807 scilicet

282 882 288 887 ·
327 848 762 945 cognomine
796 847 1223 946 insignitum
1250 901 1271 936 ,
1305 848 1380 919 in
1417 845 1816 920 Antilocho
1845 845 2375 943 Phrynichum,

326 959 400 1031 in
435 959 764 1033 Thersite
785 958 1351 1058 Cleophontem‚
1391 975 1475 1031 ut
1510 960 1795 1031 mittam
1833 975 2095 1032 cetera.
2129 959 2382 1032 Effici-

329 1088 452 1143 tur
479 1071 587 1144 his
611 1071 934 1171 argutiiS,
953 1089 1032 1144 ut
1050 1073 1273 1161 locuS,
1298 1073 1421 1172 qui
1446 1098 1664 1171 quam
1687 1072 2000 1144 maxime
2018 1073 2383 1145 viventem

326 1185 549 1256 refert
578 1184 1114 1282 spirantemque
1163 1183 1534 1256 hominem
1580 1184 1785 1256 illum
1827 1185 2174 1257 miserum
2220 1201 2384 1283 post

327 1297 631 1397 longum
652 1296 1117 1369 intervallum
1141 1295 1456 1370 hominis
1478 1296 1800 1396 alloquio
1824 1298 2187 1369 fruentem
2211 1350 2231 1383 ‚
2261 1296 2383 1369 vi-

321 1407 576 1482 deatur
601 1409 1040 1507 compositus
1062 1406 1150 1481 ad
1184 1435 1298 1482 res
1329 1436 1367 1480 a
1394 1408 1791 1481 Philocteta
1824 1409 2037 1507 plane
2069 1409 2333 1482 alienas
2362 1466 2414 1498 ,.

320 1549 356 1594 a
391 1539 602 1621 poeta
638 1524 1024 1621 profectus,
1063 1548 1215 1596 non
1238 1550 1275 1594 a
1298 1547 1632 1621 persona.
1663 1522 1913 1595 Potuit
1933 1547 2102 1595 sane
2120 1548 2389 1596 occur-

322 1661 486 1710 rere
516 1636 1038 1736 spectatoribus
1083 1638 1489 1724 nonnulliS,
1537 1635 1733 1734 quod
1771 1637 2003 1734 ipsum
2032 1651 2329 1734 poetam
2362 1691 2384 1727 ,

324 1775 572 1823 senem
591 1766 768 1823 tuuc
783 1803 804 1840 ,
829 1775 979 1824 non
1001 1751 1156 1823 sine
1180 1750 1400 1822 animi
1425 1749 1682 1822 dolore
1707 1750 2003 1822 sensisse
2030 1748 2382 1832 arbitror,

328 1863 544 1936 nimis
575 1888 721 1937 esse
753 1888 921 1938 vera
955 1890 1119 1963 quae
1151 1863 1585 1937 Philoctetes
1615 1879 2216 1962 conquereretur,
2270 1879 2390 1935 at-

328 2001 469 2078 que
497 1975 797 2050 Athenis
850 2002 1139 2077 quoque
1196 1976 1433 2051 bonos
1474 1975 1841 2074 fortesque
1898 1977 2084 2047 cives
2115 1974 2390 2048 bellum

331 2091 702 2166 abstulisse
725 2147 746 2179 ,
782 2094 990 2165 malis
1038 2094 1460 2190 pepercisse.
1507 2091 1686 2185 Quae
1749 2093 1806 2162 si
1857 2109 2338 2166 occurrerunt
2366 2147 2385 2178 ,

330 2207 632 2279 valuisse
671 2221 961 2304 oportet
1002 2204 1090 2277 ad
1115 2203 1665 2303 provocandum
1699 2203 1770 2276 id
1796 2204 1994 2303 quod
2034 2204 2386 2304 tragoedia

328 2319 465 2393 sibi
493 2319 866 2419 proponit,
895 2317 1236 2418 quodque
1266 2342 1418 2390 non
1454 2332 1691 2415 potest
1718 2318 2020 2418 assequi,
2054 2319 2189 2391 nisi
2215 2343 2390 2416 per-

332 2458 613 2505 suasum
641 2432 1025 2506 haheamus
1057 2431 1336 2505 easdem
1365 2456 1512 2504 esse
1549 2446 1816 2505 nostrae
1845 2446 1918 2502 et
1956 2433 2387 2531 tragicarum

329 2574 504 2646 quas
556 2553 954 2645 spectamus
1011 2571 1486 2645 personarum
1543 2545 1711 2616 vitae
1769 2544 2245 2619 conditiones.
2290 2547 2387 2619 At

332 2660 472 2734 hoc
512 2662 567 2732 si
605 2686 691 2733 eo
729 2685 950 2760 usque
984 2659 1354 2759 procedat,
1397 2674 1478 2731 ut
1524 2658 1820 2758 singulis
1862 2659 2158 2758 Trojani
2211 2658 2384 2733 belli

333 2771 751 2846 nominibus
777 2774 915 2845 viri
955 2772 1452 2871 significentur
1486 2770 1787 2844 Athenis
1811 2787 1965 2845 tum
1994 2789 2381 2861 versanteS,

332 2887 552 2985 periit
596 2903 670 2958 et
727 2885 1084 2985 tragoedia
1136 2901 1210 2958 et
1252 2885 1488 2957 omnis
1550 2883 1818 2982 tragica
1858 2885 1999 2971 vis,
2055 2900 2269 2985 atque
2302 2887 2388 2958 ad

339 3001 563 3072 lusum
611 2998 975 3098 quendam
1007 3023 1156 3072 non
1218 2997 1589 3069 inficetum
1640 3021 1875 3093 neque
1919 2997 2387 3095 injucundum

334 3114 662 3200 sortasse,
699 3112 1273 3211 frigidiusculum
1311 3127 1551 3183 tamen
1575 3164 1595 3197 ‚
1640 3111 1884 3183 omnia
1929 3111 2387 3209 rediguntur.

336 3228 420 3297 ln
457 3227 839 3324 Antigona
866 3252 1030 3325 quae
1066 3225 1305 3297 Creon
1348 3224 1628 3321 profert
1663 3227 1762 3320 (v.
1796 3224 2021 3320 667):
2055 3254 2090 3293 «
2127 3224 2257 3297 Cui
2294 3229 2390 3299 ci-

340 3339 519 3411 vitas
565 3338 949 3435 imperium
995 3335 1323 3424 tradidit,
1364 3336 1512 3436 ejus
1563 3333 1761 3407 dicto
1820 3335 2187 3409 audientes
2246 3362 2393 3411 esse

340 3467 631 3549 oportet
658 3481 694 3519 »
720 3504 744 3542 ,
785 3450 1115 3522 certatim
1137 3448 1346 3523 video
1380 3476 1415 3521 a
1446 3448 1623 3521 viris
1657 3447 1885 3520 doctis
1929 3447 2016 3520 ad
2043 3450 2393 3523 Periclem

340 3583 486 3631 esse
535 3560 756 3631 relata
784 3611 803 3641 ,
864 3555 1284 3629 adversariis
1366 3572 1521 3628 tum
1577 3554 1872 3628 devictis
1930 3555 2118 3629 haud
2177 3557 2394 3631 dubie

342 3669 787 3743 Athenarum
847 3669 1251 3768 principem
1302 3685 1375 3742 et
1426 3668 2016 3767 gubernatorem.
2076 3669 2284 3763 Quod
2338 3672 2392 3742 si

436 3939 456 3966 ³
499 3927 746 3987 Schocll.
784 3926 826 3985 l.
864 3927 906 3983 l.
941 3948 1000 4004 p.
1035 3926 1177 3985 339.
