3034 5050
697 482 779 569 34
926 530 931 534 -
1180 513 1267 559 m:
1312 511 1836 560 ‘summanum
1882 511 2260 560 GRAECARUM

692 644 1087 719 discesseris
1138 643 1417 742 singula
1469 642 1691 716 verba
1739 644 2255 741 sententiaeque
2305 643 2400 715 ita
2456 642 2748 717 demum

693 757 783 832 ad
823 758 1144 856 publicas
1175 782 1289 830 res
1321 755 1690 830 reserenda
1746 781 1892 829 esse
1934 756 2302 848 videntur,
2342 758 2399 830 si
2436 758 2509 830 id
2555 758 2750 857 quod

693 873 840 969 ipsa
885 870 1122 944 sabula
1155 886 1228 943 et
1257 892 1732 970 personarum
1782 868 2102 942 conditio
2158 871 2469 970 requirit
2509 888 2754 971 aperte

695 983 1166 1084 egrediuntur
1187 1041 1207 1072 ,
1279 970 1351 1056 e‘t
1409 986 1615 1084 quasi
1666 982 2057 1083 grandibus
2121 984 2381 1056 litteris
2430 1011 2755 1082 expressa

695 1113 891 1199 sunt.-
953 1097 1138 1170 Nam
1173 1125 1401 1198 quum
1463 1122 1543 1169 ea
1609 1098 1702 1168 sit
1758 1096 2162 1169 fabularum
2209 1097 2758 1195 spectandarum

695 1211 884 1283 ratio
909 1264 927 1296 ,
970 1227 1049 1282 ut
1116 1213 1223 1283 sui
1267 1234 1700 1310 suarumque
1743 1235 1993 1282 rerum
2058 1210 2250 1282 inter
2294 1212 2760 1307 spectandum

695 1324 1218 1398 obliviscantur
1248 1324 1609 1413 homines,
1648 1326 1922 1424 totique
1956 1349 2028 1396 se
2054 1341 2482 1397 convertant
2527 1325 2614 1396 ad
2650 1351 2762 1398 res

699 1438 899 1511 fictas
917 1493 938 1528 ‚
973 1437 1536 1512 commonefiant
1570 1463 1848 1510 necesse
1888 1454 1992 1509 est
2019 1453 2093 1509 et
2130 1436 2641 1510 abstrahantur
2671 1438 2763 1509 ab

701 1551 784 1622 iis
800 1578 963 1650 quae
980 1552 1205 1624 oculis
1226 1552 1627 1650 animisque
1651 1549 2157 1638 obversantur,
2184 1551 2241 1621 si
2271 1550 2359 1623 ad
2380 1551 2765 1624 domestica

700 1682 775 1738 et
795 1690 960 1736 vera
984 1683 1352 1750 revocatos
1378 1665 1580 1737 veliS.
1602 1663 1777 1757 Quae
1805 1689 1958 1736 non
1996 1664 2085 1734 ita
2116 1662 2306 1753 dico,
2333 1664 2529 1764 quasi
2554 1665 2769 1763 plane

702 1795 982 1852 remota
1008 1779 1101 1849 sit
1120 1780 1386 1877 tragica
1415 1805 1531 1850 ars
1552 1806 1595 1849 a
1629 1777 1769 1850 vita
1804 1794 1875 1848 et
1896 1776 2320 1877 quotidiano
2352 1805 2517 1867 usu,
2559 1778 2770 1850 nihil-

705 1917 846 1992 que
877 1893 1102 1990 possit
1128 1893 1458 1965 conserre
1478 1891 1567 1964 ad
1591 1891 1976 1964 hominum
1987 1917 2226 1966 mores
2242 1890 2766 1982 emendandos;

709 2002 830 2077 sed
863 2005 1183 2077 multum
1217 2005 1513 2076 interest
1540 2005 1736 2077 inter
1768 2027 1850 2076 ea
1887 2020 2248 2102 praecepta
2297 2031 2459 2104 quae
2517 2023 2774 2104 sponte

712 2141 752 2188 e
803 2113 1022 2188 rebus
1073 2114 1242 2213 ipsis
1283 2131 1705 2204 nascuntur,
1752 2130 1963 2214 teque
2022 2115 2277 2214 ignaro
2325 2117 2402 2188 in
2450 2118 2777 2190 animum

713 2245 925 2301 tuum
946 2252 1019 2300 se
1049 2229 1437 2317 insinuant,
1472 2245 1544 2300 et
1574 2230 1767 2300 inter
1790 2255 1895 2315 ea,
1929 2254 2119 2326 quae,
2152 2227 2387 2301 dedita
2416 2255 2636 2328 opera
2666 2230 2783 2302 ad·
2859 2225 2869 2233 ’

710 2344 926 2443 jecta,
964 2338 1268 2414 docendi
1304 2338 1688 2413 consilium
1712 2365 1865 2438 prae
1904 2364 1977 2411 se
2005 2338 2277 2412 serunt.
2314 2343 2565 2442 Itaque
2590 2343 2782 2442 apud

720 2454 1139 2553 AEschylum
1195 2467 1269 2526 et
1306 2452 1741 2553 Sophoclem
1777 2452 2050 2526 nullam
2080 2451 2415 2553 equidem
2470 2482 2785 2557 agnosco

721 2568 1153 2643 sententiam
1187 2565 1526 2666 ambigue
1556 2564 1822 2639 dictam
1842 2560 1878 2654 ,’
1903 2592 2065 2667 quae
2099 2566 2189 2640 ad
2223 2566 2544 2667 publicas
2568 2569 2789 2643 Athe-

727 2682 1092 2756 niensium
1151 2705 1266 2753 res
1318 2681 1548 2780 magis
1603 2707 1820 2780 quam
1886 2679 1976 2752 ad
2028 2681 2343 2754 fabulam
2399 2683 2780 2782 pertineat.

728 2794 1099 2869 Notissimi
1126 2809 1295 2864 sunt
1326 2792 1434 2865 illi
1464 2792 1539 2863 in
1565 2792 1881 2889 AEschyli
1911 2793 2200 2894 Septem
2224 2821 2496 2884 versus,
2530 2798 2792 2897 quibus

735 2909 811 2981 in
865 2930 1071 2988 scena
1130 2905 1445 2978 recitatis
1497 2904 1589 2976 ad
1624 2904 2016 2979 Aristidem
2072 2910 2306 2981 omnis
2349 2935 2616 2984 corona
2665 2938 2791 2985 ora

739 3018 1177 3096 convertisse
1209 3017 1477 3091 dicitur
1503 3048 1527 3110 3
1564 3017 1653 3090 de
1688 3044 1769 3091 re
1821 3020 1969 3119 ipsa
2002 3023 2210 3094 litem
2246 3048 2397 3096 non
2429 3024 2739 3098 movebo
2770 3081 2790 3113 ,

742 3158 1184 3236 quamquam
1216 3130 1381 3203 talia
1414 3130 1506 3203 ab
1538 3131 2053 3230 interpretibus
2077 3161 2604 3237 nonnunquam
2630 3162 2800 3211 con-

746 3248 909 3323 ficta
944 3270 1090 3319 esse
1121 3242 1493 3341 Euripidis
1532 3244 1941 3320 Palamedes
1976 3245 2425 3320 demonstrat
2455 3276 2478 3338 3
2516 3249 2655 3324 hoc
2684 3276 2803 3322 ne-

747 3361 1099 3464 gaverim,
1133 3357 1554 3455 AEschylum
1585 3359 1816 3457 ipsum
1844 3359 1933 3433 de
1955 3360 2267 3434 Aristide
2302 3364 2643 3462 cogitasse
2675 3421 2693 3455 ,
2732 3383 2806 3437 et

752 3504 840 3551 eo
870 3473 1173 3549 consilio
1198 3471 1325 3544 hos
1361 3496 1601 3544 versus
1627 3473 2151 3571 conscripsisse,
2192 3491 2275 3547 ut
2310 3501 2463 3549 non
2494 3476 2583 3549 de
2621 3476 2807 3549 Am-

754 3588 1080 3687 phiaraO,
1107 3585 1229 3658 sed
1263 3583 1352 3657 de
1373 3583 1688 3658 Aristide
1707 3586 2229 3684 acciperentur.
2270 3589 2487 3687 Apud
2512 3589 2807 3689 Sopho-

758 3693 942 3775 cle'm
977 3699 1404 3771 Philoctetes
1430 3752 1450 3783 ,
1491 3724 1616 3793 per
1650 3697 1896 3771 decem
1927 3726 2153 3774 annos
2186 3700 2564 3775 hominum
2602 3729 2810 3776 com-

758 3813 1035 3889 mercio
1067 3812 1425 3911 privatus,
1456 3810 1546 3883 de
1593 3812 2019 3885 Graecorum
2062 3814 2507 3912 primoribus
2550 3820 2815 3915 quaerit

764 3931 951 4028 (440
986 3952 1148 4026 sqq.
1185 3926 1253 4025 ),
1294 3925 1416 4023 qui
1454 3925 1701 3998 vivant
1725 3978 1747 4015 ,
1790 3927 1914 4026 qui
1952 3943 2267 4001 mortem
2300 3928 2809 4018 occubuerint,
