3034 5050
662 485 743 541 28
1155 498 1239 543 na
1288 492 1808 542 'mAGOEDlARUM
1858 491 2233 539 GuAEcARUM

659 642 911 700 auctor
933 627 1166 698 fuisse.
1211 626 1346 724 (Cf.
1380 626 1563 699 Plat.
1600 628 1763 694 Per.
1798 651 1862 694 c.
1908 625 2061 721 25).
2098 625 2347 722 Itaque
2382 648 2609 721 quum
2646 624 2720 694 iu

662 739 1016 839 tragoedia
1057 739 1297 812 Creon
1348 737 1582 811 filium
1632 738 1995 835 increpet,
2043 734 2239 834 quod
2278 735 2600 808 mulieris
2636 735 2725 807 sit

658 869 1004 950 patronus
1029 907 1047 941 ,
1088 852 1301 952 quod'
1328 851 1616 923 mulieri
1656 850 1729 922 in
1770 851 2189 922 servitutem
2221 875 2294 921 se
2323 847 2718 937 addixerit,

657 964 745 1037 de
767 965 1042 1037 Pericle
1070 982 1144 1038 et
1170 965 1460 1063 Aspasia
1490 963 1645 1054 haec
1686 962 1876 1034 dicta
1925 987 2072 1034 esse
2110 962 2584 1062 intelligatur.
2615 961 2723 1034 Ne

655 1095 896 1152 autem
941 1094 1147 1175 putes
1194 1093 1444 1150 contra
1483 1076 1838 1149 Periclem
1889 1075 2047 1147 haec
2094 1077 2325 1148 facere
2346 1104 2366 1164 ;
2432 1091 2538 1148 est
2571 1072 2725 1146 haec

656 1190 780 1262 illa
815 1216 1034 1290 quam
1070 1191 1402 1262 novimus
1429 1188 1803 1287 Sophoclis
1833 1188 2105 1276 ironia,
2151 1205 2229 1258 ut
2255 1214 2418 1288 qua:
2471 1189 2544 1258 in
2579 1188 2722 1259 Pe-

655 1303 910 1377 riclem
947 1303 1042 1376 ab
1075 1302 1861 1382 adversariisconvicia
1904 1301 2421 1389 funderentur,
2473 1299 2724 1373 iisdem

653 1416 891 1489 Creon
928 1433 1272 1514 tyrannus
1316 1431 1645 1488 uteretur
1685 1416 1757 1487 in
1794 1415 1979 1487 mala
2011 1440 2214 1488 causa
2248 1412 2716 1487 defendenda.

656 1528 1046 1629 Antigonae
1095 1530 1171 1601 in
1205 1531 1505 1601 fratrem
1555 1528 1897 1627 pietatem
1926 1528 2372 1618 extollendo,
2406 1527 2720 1624 Aspasiae

651 1642 894 1713 laudat
949 1658 1160 1741 poeta
1222 1644 1294 1714 in
1354 1644 1543 1714 cives
1598 1658 1670 1713 et
1732 1643 2299 1739 consanguineos
2359 1641 2718 1738 pietatem.

655 1754 864 1851 Quod
907 1756 1222 1828 secundo
1254 1756 1538 1828 cantico
1592 1751 2054 1828 celebrantur
2103 1755 2486 1827 hominum
2524 1755 2721 1824 varia

659 1868 947 1939 inventa
999 1867 1099 1963 (τὸ
1126 1877 1432 1962 μηχανόεν
1466 1875 1687 1963 τέχνας
1712 1923 1732 1959 ,
1786 1893 1855 1936 v,
1909 1868 2122 1964 362),
2163 1866 2311 1940 hoc,
2334 1882 2608 1964 spectat
2632 1866 2720 1937 ad

656 1980 1022 2053 Melissum
1056 1979 1427 2078 physicum
1457 1997 1531 2051 et
1563 1979 2040 2053 Artemonem
2088 1979 2524 2052 bellicorum
2558 1996 2722 2053 tor-

658 2109 1076 2164 mentorum
1114 2091 1687 2166 machinatorem
1713 2147 1734 2182 ,
1778 2118 2093 2192 quorum
2128 2092 2250 2163 ille
2279 2092 2569 2182 SamiiS,
2602 2092 2722 2166 hic

654 2203 1220 2277 Atheniensibus
1274 2205 1448 2275 artis
1496 2204 1643 2275 suae
1696 2205 2046 2275 auxilium
2083 2203 2502 2301 praestabat.
2543 2204 2717 2297 Quae

652 2319 740 2390 de
776 2319 1040 2399 amoris
1077 2319 1145 2389 vi
1182 2319 1253 2389 in
1287 2317 1505 2391 tertio
1527 2318 1806 2389 cantico
1832 2314 2366 2415 praedicantur,
2402 2317 2492 2389 ad
2526 2319 2721 2389 Peri-

656 2433 837 2504 clem
877 2433 1131 2504 referri
1170 2447 1733 2505 consentaneum
1768 2446 1907 2520 est,
1964 2446 2046 2501 ut
2081 2431 2205 2531 qui
2243 2431 2318 2502 in
2356 2430 2494 2504 hoc
2521 2432 2719 2520 bello

651 2545 1108 2645 suscipiendo
1184 2545 1773 2646 comprobaverit
1813 2601 1835 2635 ,
1924 2547 2401 2617 transmittere
2475 2550 2718 2617 maria

657 2684 980 2732 amorem
1021 2678 1089 2732 et
1122 2662 1199 2732 in
1244 2666 1799 2759 magistratuum
1837 2658 2166 2732 ‘consilio
2212 2660 2561 2731 assidere.

753 2774 1191 2846 Fortunatos
1229 2774 1571 2871 nOS„qui
1613 2799 1762 2860 non
1814 2771 2157 2860 Athenis,
2218 2770 2338 2843 scd
2389 2773 2713 2844 Berolini

614 2931 617 2932 ν
656 2904 778 2956 aut
804 2871 1089 2956 Parisiis
1118 2885 1563 2985 Antigonam
1587 2888 2167 2984 spectaverimus.
2192 2887 2494 2959 Athenis
2519 2889 2714 2960 enim

654 2998 744 3071 de
786 2998 1118 3096 Aspasia,
1177 2998 1266 3072 de
1307 3000 1624 3087 Pericle,
1682 2999 1771 3073 de
1833 3000 2271 3088 Artemone,
2316 3000 2405 3073 de
2460 3001 2715 3074 Samiis

656 3112 868 3185 nobis
914 3112 1376 3212 cogitandum
1426 3113 2001 3213 suisset‚quibus
2050 3115 2242 3186 curis
2290 3114 2577 3185 distenti
2623 3113 2713 3185 ad

655 3227 969 3298 fabulam
1001 3227 1323 3298 animum
1352 3225 1756 3316 advertere,
1791 3253 1929 3325 pro
1958 3225 2324 3326 Antigona
2358 3227 2714 3299 sollicitu-

657 3339 903 3411 dinem
957 3341 1355 3438 suscipere,
1424 3358 1657 3439 poetae
1714 3359 1944 3414 artem
1990 3341 2330 3413 admirari
2386 3344 2713 3440 profecto

658 3479 806 3526 non
842 3455 1340 3552 potuissemus
1381 3455 1598 3527 Mitto
1646 3472 2125 3553 spectatores;
2165 3471 2369 3585 poeta
2408 3462 2535 3555 qni
2574 3482 2713 3555 po-

660 3567 798 3639 tuit
822 3568 1138 3640 fabulam
1174 3570 1510 3668 effingere
1544 3570 1879 3642 omnibus
1916 3570 2236 3642 numeris
2267 3570 2663 3643 absolutam
2690 3625 2707 3654 ,

659 3697 732 3754 et
762 3679 1059 3753 eandem
1099 3680 1188 3752 ad
1214 3683 1456 3754 omnia
1489 3709 1652 3783 quae
1670 3682 1969 3755 Athenis
2000 3700 2156 3755 tum
2180 3683 2366 3755 sorte
2393 3684 2711 3781 ageban-

661 3812 781 3866 tur
831 3794 1352 3869 accomodare?
1386 3804 1511 3896 qui
1548 3799 1786 3896 potuit
1835 3793 2026 3871 totus
2076 3825 2223 3871 esse
2290 3801 2359 3869 in
2415 3799 2493 3868 iis
2544 3781 2706 3896 quoe

652 3904 902 3981 (livino
939 3909 1247 4007 quodam
1278 3913 1535 4005 spiritu
1561 3913 1831 3984 afflatus
1860 3913 2005 4009 ipse
2038 3929 2428 4001 creaverat,
2473 3909 2709 3984 idem—-
