3034 5050
655 481 738 539 10
1146 496 1231 543 un
1281 494 1805 543 TRAGOEDIARUM
1836 494 2214 544 eumenum

661 626 1059 700 inferorum
1106 624 1413 700 deorum
1479 626 1868 699 vindictam
1929 626 2207 701 incidit.
2268 627 2443 718 Quae
2506 653 2708 700 causa

655 766 879 839 quum
906 741 997 812 sit
1029 742 1338 813 maxima
1361 758 1433 812 et
1452 742 1890 839 gravissima,
1924 768 1960 812 a
1990 741 2309 814 Minerva
2340 741 2484 838 ipsa
2508 740 2711 811 insti-

657 854 886 927 tuitur
926 856 1264 954 antiquus
1303 854 1422 926 ille
1453 856 1586 953 qui
1630 855 1704 925 in
1735 853 2118 955 Areopago
2153 854 2480 952 capitalia
2511 853 2714 952 judi-

661 966 766 1040 cia
802 966 1183 1040 exercebat
1207 984 1489 1039 senatus
1516 1025 1535 1057 ,
1571 984 1803 1067 atque
1834 968 1988 1041 haec
2021 969 2253 1067 prima
2286 994 2397 1040 res
2434 966 2521 1038 ad
2547 992 2712 1039 eum

656 1078 1001 1153 defertur.
1033 1080 1185 1152 Hoc
1210 1079 1587 1180 tragoediae
1617 1098 2129 1179 argumentum
2156 1080 2486 1180 quolibet
2519 1097 2710 1152 tem-

657 1219 833 1292 pore
884 1192 1300 1291 AEschylum
1348 1194 1664 1293 potuisse
1711 1211 2065 1284 tractare,
2131 1219 2366 1295 neque
2408 1195 2712 1269 omnino

655 1333 692 1377 a
724 1308 1032 1378 maxima
1059 1306 1420 1407 Areopagi
1458 1307 1664 1380 laude
1690 1307 2220 1408 disjunctarum
2238 1308 2444 1380 fuisse
2466 1364 2485 1397 ,
2510 1307 2712 1381 facile

657 1420 1111 1520 intelligitur.
1157 1420 1499 1494 Attamen
1544 1423 1641 1494 ita
1692 1422 2187 1496 commendata
2247 1439 2353 1495 est
2411 1449 2449 1493 a
2500 1438 2710 1519 poeta

659 1532 1021 1633 Areopagi
1046 1537 1437 1607 auctoritas
1455 1589 1477 1622 ‚
1522 1552 1604 1606 ut
1638 1535 1833 1608 aliud
1865 1534 2205 1635 quiddam
2240 1535 2351 1607 his
2386 1533 2712 1607 laudibus

654 1646 937 1719 subesse
971 1649 1354 1720 sentiatur.
1387 1648 1629 1750 Atque
1662 1677 1889 1749 quum
1915 1650 2214 1722 sciamus
2242 1674 2329 1722 eo
2358 1651 2511 1747 ipso
2539 1665 2715 1720 tem-

655 1784 833 1857 pore
865 1762 1321 1833 commissam
1354 1788 1502 1836 esse
1538 1761 1889 1852 fabulam,
1935 1788 2083 1863 quo
2120 1763 2430 1835 Pericles
2472 1761 2714 1834 Areo-

654 1898 921 1972 pagum
956 1874 1013 1944 si
1046 1899 1199 1947 non
1231 1876 1570 1948 omnibus
1587 1932 1608 1967 ,
1641 1894 1716 1950 at
1741 1878 1987 1949 multis
2022 1895 2258 1950 tamen
2289 1873 2713 1948 muneribus

656 2002 729 2057 et
779 1989 1083 2087 antiquo
1130 1988 1258 2060 illo
1313 1990 1696 2086 splendore
1737 1990 2112 2087 spoliavit,
2165 2004 2364 2062 extra
2415 2013 2713 2062 omnem
2761 1974 2770 1983 „

655 2097 1184 2172 dubitationem
1208 2103 1519 2198 positum
1538 2120 1670 2195 est,
1700 2101 1895 2203 quod
1919 2100 2343 2202 jamdudum
2367 2100 2713 2173 viderunt

655 2213 791 2284 viri
842 2211 1035 2286 docti
1079 2230 1126 2302 ¹,
1179 2214 1252 2286 id
1299 2215 1432 2285 sibi
1461 2218 1911 2312 proposuisse
1934 2215 2396 2313 AEschylum·‚
2431 2231 2510 2286 ut
2534 2217 2714 2287 anti-

655 2326 978 2425 quissimi
1000 2325 1246 2426 judicii
1268 2329 1789 2399 auctoritatem
1815 2345 2069 2400 contra
2092 2355 2445 2402 novarum
2464 2353 2714 2401 rerum

659 2438 1011 2513 studiosos
1043 2438 1484 2512 defenderet.
1521 2441 1673 2536 Qua
1715 2441 1788 2513 in
1825 2466 1905 2513 re
1938 2440 2024 2513 ad
2063 2442 2200 2515 hoc
2233 2443 2541 2514 maxime
2591 2458 2712 2514 at-

657 2553 1098 2627 tendendum
1132 2571 1279 2645 est,
1315 2556 1683 2656 quomodo
1735 2573 2167 2656 spectatores
2222 2559 2574 2631 allocutus
2620 2559 2713 2629 sit

654 2683 892 2765 poeta.
946 2667 1187 2761 Quum
1251 2671 1448 2741 enim
1501 2669 1663 2742 duae
1724 2673 1868 2744 sint
1941 2671 2259 2745 rationes
2328 2670 2588 2771 quibus
2635 2672 2710 2742 in

655 2780 1010 2880 tragoedia
1041 2809 1207 2855 cum
1237 2808 1503 2856 corona
1528 2783 1748 2856 verba
1774 2785 2005 2858 facere
2029 2787 2252 2883 possit
2274 2802 2515 2883 poeta,
2547 2810 2714 2857 neu·

657 2909 765 2964 tra
818 2918 986 2965 cum
1023 2897 1312 2993 tragicae
1358 2896 1534 2965 artis
1564 2894 1842 2994 legibus
1878 2899 2043 2969 satis
2086 2922 2489 2997 congruere
2522 2896 2716 2970 vide-

656 3022 803 3077 tur.
843 3006 1085 3079 Potest
1120 3007 1318 3078 enim
1343 3062 1365 3097 ,
1413 3006 1611 3106 quod
1652 3009 1724 3080 in
1760 3009 2128 3107 Euripidis
2163 3010 2485 3110 prologis
2516 3027 2590 3083 et
2638 3012 2711 3082 in

659 3119 1128 3193 Comicorum
1165 3127 1561 3221 παραὸάσεσι
1604 3123 1872 3195 sactum
1936 3147 2083 3196 esse
2129 3123 2453 3196 videmus
2476 3179 2498 3211 ‚
2565 3125 2713 3196 sive

657 3249 987 3307 actorum
1012 3234 1271 3333 aliquis
1296 3235 1442 3306 sive
1469 3235 1779 3326 Chorus,
1801 3236 2126 3335 partibus
2159 3239 2300 3309 suis
2332 3238 2706 3335 neglectiS,

655 3373 818 3445 quae
850 3363 1063 3445 poeta
1086 3347 1611 3446 spectatoribus
1622 3351 1913 3450 cognita
1938 3352 2098 3423 vult
2130 3376 2522 3448 exponere.
2550 3351 2714 3423 Pos-

654 3477 821 3532 sunt
845 3461 1062 3532 etiam
1084 3485 1414 3559 personae
1439 3463 1631 3535 inter
1650 3490 1724 3536 se
1750 3465 2098 3565 colloqui,
2126 3491 2289 3564 quae
2314 3481 2471 3536 tum
2497 3463 2584 3536 ad
2607 3491 2706 3550 sc,

656 3590 811 3645 tum
848 3576 1214 3672 praecipue
1245 3573 1333 3648 ad
1365 3593 1797 3674 spectatores
1830 3580 2269 3676 pertineant.
2306 3578 2440 3651 Sed
2480 3603 2713 3677 neque

743 3846 754 3870 ¹
806 3835 880 3894 V.
936 3833 1198 3906 Lebeuu,
1245 3834 1419 3893 Me'm.
1484 3836 1554 3893 de
1598 3837 1834 3895 l’Acad.
1894 3838 1994 3896 des
2041 3839 2308 3918 Inscript.
2364 3850 2404 3895 t.
2445 3834 2701 3906 XXXV,

655 3956 711 4013 p.
744 3931 881 3992 433.
915 3931 1189 4006 Mueller,
1218 3933 1610 4005 Eamenideu,
1646 3957 1705 4012 p.
1743 3936 1858 3996 115
1882 3958 1966 4016 sq.
