3034 5050
678 448 761 506 12
1157 460 1242 506 DE
1286 457 1807 505 Tumossnunum
1866 456 2243 505 GRAECARUM

672 608 1053 665 turosesse
1085 617 1247 664 suos
1284 617 1553 663 manes,
1596 593 1765 664 Haec
1803 592 2043 664 omnia
2101 593 2190 661 ita
2254 606 2424 660 sunt
2478 586 2741 660 diserte

669 704 893 794 dicta,
934 720 1015 776 ut
1047 704 1384 776 facillime
1418 721 1490 775 et
1521 702 1990 775 Athenienses
2019 720 2174 774 tum
2193 702 2461 800 assequi
2495 718 2742 799 potue·

669 820 864 906 rint,
905 834 979 889 et
1013 816 1227 891 hodie
1252 818 1684 914 interpretes
1712 818 2155 916 intelligant;
2192 818 2282 887 ita
2316 840 2543 913 porro
2574 841 2742 886 cum

667 947 1099 1029 argumento
1156 931 1539 1028 conjuncta
1598 947 1765 1000 sunt
1800 930 2389 1028 conveniuntque
2422 944 2494 999 et
2527 926 2742 999 rebus

664 1058 739 1115 et
803 1044 1124 1142 personis
1144 1097 1165 1130 ,
1241 1059 1318 1113 ut
1371 1044 1631 1115 scenici
1695 1044 2037 1114 carminis
2108 1044 2299 1141 leges
2366 1066 2741 1139 nunquam

667 1180 987 1255 egressus
1021 1155 1113 1227 sit
1147 1170 1386 1252 poeta.
1411 1154 1552 1226 Fac
1578 1153 1771 1226 enim
1805 1154 2094 1226 doctam
2129 1179 2275 1226 esse
2302 1152 2620 1226 fabulam
2653 1177 2741 1225 eo

669 1285 1000 1366 tempore
1047 1293 1194 1366 quo
1251 1267 1613 1366 Areopagi
1657 1269 2045 1342 auctoritas
2090 1284 2327 1339 sancta
2389 1265 2619 1337 adhuc
2666 1282 2742 1336 et

672 1381 1017 1454 inviolata
1038 1396 1220 1467 erat,
1250 1387 1758 1480 argumentum
1791 1381 1930 1452 tale
1955 1397 2084 1466 est,
2108 1397 2190 1451 ut
2212 1379 2305 1450 ab
2322 1378 2737 1477 amplissimi

662 1493 911 1594 judicii
950 1493 1278 1566 laudibus
1306 1521 1455 1567 non
1491 1492 1948 1566 abstinuisset
1986 1510 2238 1590 poeta3
2276 1493 2384 1566 'fac
2429 1491 2740 1589 Argivos

672 1607 908 1681 hostes
944 1609 1156 1680 fuisse
1191 1606 1783 1693 Atheniensium,
1816 1607 1925 1678 sac
1965 1606 2351 1677 amicitiam
2398 1604 2551 1676 sine
2588 1604 2738 1675 soe-

670 1720 842 1794 dere
870 1722 1060 1793 inter
1084 1722 1405 1794 civitates
1443 1704 1917 1792 intercessisse
1943 1773 1963 1806 ,
1996 1719 2104 1792 fac
2129 1719 2563 1817 suspiciones
2587 1714 2739 1788 sine

673 1833 870 1908 bello
910 1865 927 1904 ε
968 1833 1320 1933 quidquid
1372 1835 1621 1905 statuis
1647 1888 1667 1921 ,
1714 1831 1965 1904 debuit
1998 1832 2279 1904 Orestes
2319 1815 2739 1927 AEschylen's

673 1964 745 2019 et
776 1948 1185 2021 societatem
1210 1947 1569 2044 polliceri,
1601 1962 1675 2018 et
1706 1945 1903 2043 rupti
1938 1944 2233 2017 foederis
2269 1944 2629 2016 vindicem
2666 1970 2740 2016 se

670 2062 825 2133 sore
875 2058 1297 2158 praedicare.
1354 2059 1517 2132 Alio
1561 2061 1860 2130 sortasse
1903 2057 2121 2130 modo
2168 2074 2239 2128 et
2288 2057 2443 2128 aliis
2495 2055 2739 2128 verbis

672 2173 1024 2245 nonnulla
1054 2171 1345 2244 dixisset
1367 2227 1388 2261 ,
1431 2198 1542 2242 res
1577 2190 1647 2243 et
1669 2171 2043 2242 sententiae
2064 2168 2332 2240 eaedem
2360 2195 2527 2241 sane
2558 2170 2739 2240 'fuis-

672 2302 831 2358 sent
855 2311 1016 2385 quoe
1052 2301 1219 2356 sunt
1256 2299 1329 2356 et
1360 2310 1523 2383 quae
1562 2284 1869 2356 omnino
1900 2306 2045 2354 esse
2070 2280 2509 2353 debuerunt.

771 2398 1050 2471 Eodem
1103 2399 1252 2470 sere
1317 2413 1645 2495 tempore
1671 2451 1690 2484 ,
1757 2397 1813 2467 si
1872 2396 2067 2467 viros
2128 2392 2380 2466 doctos
2443 2392 2683 2465 audias
2711 2448 2732 2481 ,

675 2511 987 2608 AEsehyli
1019 2511 1401 2613 Supplices
1434 2528 1616 2584 acta.
1648 2509 1801 2603 Qua
1828 2508 1899 2579 in
1925 2505 2160 2579 sabula
2189 2506 2415 2578 Danai
2446 2506 2614 2579 filiae
2650 2533 2739 2579 ex

638 2671 641 2674 -
675 2625 989 2722 AEgypto
1040 2625 1392 2723 profugae,
1431 2622 1524 2694 ab
1563 2621 1853 2721 Argivis
1877 2620 2189 2717 hospitio
2216 2636 2560 2716 exceptae,
2602 2646 2738 2717 pro

673 2736 1121 2834 Argivorum
1146 2736 1370 2807 salute
1396 2752 1561 2809 vota
1589 2737 1886 2822 faciunt,
1916 2750 1989 2806 et
2015 2750 2406 2832 precantur
2428 2760 2464 2804 a
2494 2732 2627 2803 diis
2660 2749 2742 2805 ut

670 2848 884 2920 bonis
919 2847 1252 2944 plurimis
1309 2848 1782 2947 maximisque
1836 2863 1907 2919 et
1954 2863 2226 2919 terram
2289 2864 2361 2918 et
2408 2844 2738 2918 homines

670 2960 1004 3033 afficiant.
1030 2961 1203 3032 Haec
1230 2986 1429 3031 causa
1469 2977 1627 3032 erat
1652 2957 1828 3031 viris
1860 2959 2113 3048 doctis,
2145 2986 2275 3032 cur
2309 2957 2443 3031 sub
2480 2958 2735 3057 Argivi

667 3071 961 3145 foederis
983 3088 1286 3169 tempus,
1324 3072 1571 3169 paullo
1597 3088 1763 3144 ante
1795 3073 2188 3158 Oresteam,
2217 3072 2403 3144 hanc
2420 3072 2737 3143 fabulam

669 3201 903 3257 actam
927 3208 1073 3254 esse
1103 3185 1662 3282 suspicarentur.
1709 3186 1841 3257 Cui
1874 3187 2246 3257 sententiae
2277 3185 2588 3257 maxime
2623 3188 2738 3254 vi-

669 3297 883 3369 detur
915 3295 1275 3368 adversari
1309 3297 1571 3371 fabulae
1606 3299 1919 3385 indoles,
1953 3298 2476 3395 simplicissima
2507 3299 2624 3369 illa
2665 3314 2738 3368 et

669 3436 832 3506 quae
868 3434 1017 3481 non
1061 3410 1332 3481 ultimis
1362 3409 1480 3481 sed
1515 3412 1772 3508 primis
1805 3428 2035 3510 poetae
2074 3409 2523 3508 temporibus
2558 3437 2738 3482 con-

670 3522 935 3592 veniat.
977 3520 1256 3594 Chorus
1292 3525 1487 3595 enim
1522 3550 1671 3598 non
1708 3526 2094 3624 primarius
2117 3579 2136 3612 ,
2189 3522 2311 3595 sed
2359 3526 2507 3595 sere
2542 3524 2735 3595 solus

669 3647 775 3704 est
808 3648 1036 3719 actor,
1076 3650 1157 3704 ut
1191 3661 1339 3707 non
1380 3637 1716 3711 accedere
1740 3640 2118 3710 videantur
2152 3636 2241 3708 ad
2268 3655 2537 3709 ceteras
2573 3663 2735 3734 per-

669 3770 875 3817 sonas
906 3743 1124 3815 Chori
1169 3764 1403 3842 partes
1428 3802 1447 3835 ,
1489 3748 1610 3820 sed
1646 3750 1733 3821 ad
1772 3778 1935 3822 eum
1985 3776 2315 3847 personae
2361 3749 2726 3821 accedere.

667 3856 912 3952 Itaque
937 3853 1216 3927 subtilis
1250 3861 1718 3958 antiquorum
1741 3863 2144 3935 carminum
2154 3862 2375 3960 judex
2399 3863 2732 3934 omnium
