3034 5050
660 526 805 583 cun·
846 524 1050 583 finnus
1098 532 1394 582 Pnnucts
1439 532 1956 583 coNJuNc'rtoNe.
2282 523 2372 580 37
2446 531 2450 534 ’

296 667 547 763 quitur
579 666 842 738 invidia
893 697 932 736 υ
987 665 1343 739 referesne
1398 665 1551 738 haec
1597 664 1684 737 ad
1719 666 2069 737 Periclem
2096 719 2115 753 ,
2151 690 2242 735 an
2281 663 2370 736 ad

298 778 891 869 Themistoclem,
930 806 1021 852 an
1042 779 1130 851 ad
1152 778 1550 850 Miltiadem
1571 780 1808 876 potius
1847 777 1960 849 vel
1992 777 2368 850 Cimonem

296 892 409 962 vel
445 890 947 966 Alcibiadem?
981 895 1063 964 In
1101 917 1351 964 omnes
1381 890 1513 963 hos
1547 891 1955 990 multosque
1998 891 2173 963 alios
2215 890 2368 963 haec

297 1004 657 1102 quadrant
682 1021 754 1076 et
773 1003 1233 1104 quadrabunt
1259 1034 1275 1074 t
1309 1008 1502 1078 Οὐδὲν
1533 1008 1723 1076 δεινὸν
1746 1013 1829 1100 μὴ
1867 1011 1923 1076 ἐν
1952 1012 2184 1089 τούτοις
2214 1021 2326 1101 στῇ
2343 1060 2364 1097 ,

300 1134 381 1187 ut
414 1118 822 1190 Platonicus
861 1118 962 1190 ait
994 1118 1344 1191 SocrateS.
1381 1115 1746 1218 Agnoscas
1771 1141 1939 1189 sane
1968 1117 2037 1188 in
2070 1116 2177 1189 his
2197 1118 2370 1188 tali-

296 1229 573 1329 busque
600 1248 886 1329 poetam
911 1234 1037 1331 qui
1071 1232 1295 1303 multa
1330 1229 1594 1302 viderit
1618 1286 1640 1318 ,
1664 1230 1890 1302 multa
1927 1231 2073 1327 ipse
2108 1254 2372 1326 exper-

300 1361 412 1414 tus
438 1344 555 1428 sit,
597 1369 830 1442 neque
857 1371 896 1415 a
923 1343 1321 1441 republica,
1350 1368 1582 1442 neque
1609 1341 1701 1415 ab
1723 1342 1864 1414 ulla
1895 1341 2374 1414 humanarum

299 1480 548 1527 rerum
578 1455 998 1530 conditione
1025 1457 1246 1528 fuerit
1278 1456 1597 1546 alienus;
1636 1454 1757 1528 sed
1792 1480 1883 1527 ne
1924 1470 2195 1527 certam
2222 1455 2366 1526 ali-

298 1595 519 1666 quam
547 1593 825 1641 causam
858 1584 931 1641 et
964 1569 1416 1642 occasionem
1445 1569 1770 1667 requiras
1796 1592 2051 1641 eorum
2081 1593 2243 1666 quae
2278 1592 2365 1640 ex

298 1682 493 1753 varia
519 1706 767 1753 rerum
802 1681 1224 1781 cognitione
1256 1680 1548 1778 altoque
1586 1682 1850 1752 mentis
1885 1704 2162 1753 recessu
2203 1707 2367 1753 ma-

299 1811 661 1868 naverunt
695 1811 769 1866 et
801 1794 1002 1894 quasi
1031 1794 1526 1867 effloruerunt.

397 1907 612 2006 Apud
633 1907 1060 2006 Euripidem
1094 1923 1350 1981 contra
1377 1908 1723 2005 plurimas
1751 1907 2061 1980 inveniri
2093 1924 2368 1980 senten·

302 2023 432 2092 tias
479 2023 590 2094 vel
629 2020 884 2094 callide
929 2020 1154 2093 dictas
1175 2074 1194 2108 ,
1226 2046 1389 2119 quae
1443 2022 1789 2117 ancipites
1825 2036 1896 2092 et
1931 2019 2020 2091 ad
2051 2019 2368 2092 fabulam

302 2151 629 2229 spectent
652 2151 725 2206 et
759 2132 849 2204 ad
882 2131 1205 2230 publicas
1234 2157 1386 2222 res,
1426 2132 1539 2204 vel
1579 2132 2059 2231 negligentius
2100 2133 2364 2220 illatas,

300 2272 465 2345 quae
490 2246 577 2318 ad
615 2261 1125 2344 argumentum
1155 2247 1393 2342 ipsum
1406 2247 1528 2315 vix
1553 2247 1829 2342 possint
1864 2246 2158 2348 referri,
2186 2243 2366 2318 nihil

297 2378 404 2432 est
424 2360 613 2460 quod
638 2360 884 2431 multis
903 2357 1421 2430 demonstrem.
1452 2357 1788 2454 Exempli
1825 2360 2049 2456 gratia
2072 2357 2364 2430 afferam

302 2475 564 2560 locum,
588 2474 711 2573 qui
744 2474 816 2545 in
836 2472 1150 2545 Hercule
1164 2474 1486 2544 Furente
1506 2471 1796 2568 legitur,
1817 2495 2031 2569 quam
2059 2470 2368 2544 maxime

298 2616 337 2659 a
375 2587 608 2659 fabula
639 2588 994 2676 alienum,
1036 2585 1402 2684 ingeniose
1441 2609 1675 2680 nuper
1704 2610 1786 2655 ex
1812 2581 2104 2656 historia
2129 2586 2367 2681 expli-

295 2718 539 2772 catum
593 2716 640 2770 ¹.
681 2699 929 2771 Multis
973 2699 1046 2769 in
1085 2698 1204 2769 illa
1242 2696 1482 2769 fabula
1525 2696 1929 2794 disputatur
1955 2695 2044 2769 de
2086 2699 2367 2796 sagitta·

301 2815 583 2886 riorum
649 2812 1061 2911 praestantia
1093 2865 1114 2900 ,
1175 2811 1413 2910 gravis
1458 2826 1845 2881 armaturae
1893 2811 2366 2883 incommodis

303 2929 424 3024 (v.
481 2927 867 3022 488-203).
943 2925 1120 3018 Quae
1168 2950 1392 3025 quum
1434 2940 1680 3021 aperte
1728 2923 2072 3022 singulari
2123 2925 2365 3024 aliquo

302 3041 605 3112 consilio
619 3039 710 3110 ab
732 3038 1083 3136 Euripide
1099 3094 1121 3130 ,
1151 3064 1301 3111 non
1319 3036 1411 3107 ab
1435 3035 1964 3134 Amphitryone
1985 3035 2170 3109 dicta
2192 3040 2362 3126 sint,

299 3154 623 3226 occurrit
641 3178 881 3251 pugna
900 3152 1274 3240 Deliensis,
1299 3177 1435 3248 qua
1459 3151 1958 3247 Hippocrates,
1981 3146 2220 3222 Athen
2233 3151 2369 3222 ien-

299 3269 481 3338 sium
518 3266 689 3354 dux,
720 3267 855 3339 levi
895 3281 1256 3337 armatura
1288 3262 1588 3335 domum
1616 3263 1898 3335 dimissa
1935 3291 1972 3334 a
2007 3262 2367 3335 Thebanis

301 3382 492 3451 fusus
526 3396 656 3452 est.
698 3381 728 3476 (
761 3378 878 3450 Ol.
915 3377 1336 3450 LXXXIX.
1380 3383 1450 3450 4.
1491 3378 1582 3448 cs.
1621 3374 1850 3447 Thuc.
1885 3376 1976 3448 V.
2018 3377 2138 3463 90,
2181 3377 2273 3447 94
2304 3379 2360 3474 ).

306 3492 585 3565 Addam
650 3489 845 3564 aliud
905 3491 1314 3589 exemplum
1335 3545 1356 3577 ,
1406 3506 1487 3561 ut
1564 3489 1846 3561 notiora
1912 3490 2224 3577 mittam,
2278 3515 2364 3563 ex

305 3605 709 3678 Erechtheo
742 3603 978 3676 sabula
1019 3605 1352 3702 petitum.
1382 3602 1559 3695 Quae
1598 3629 1821 3702 quum
1868 3618 2039 3675 teste
2072 3604 2365 3676 Plutar—

304 3718 438 3793 cho
458 3721 582 3817 (N
579 3722 674 3792 lc.
703 3746 766 3792 c.
795 3720 840 3790 9
861 3718 984 3792 cll.
1029 3718 1233 3792 Stob.
1279 3717 1428 3792 LV.
1464 3719 1544 3814 4)
1574 3718 1819 3816 paullo
1845 3733 2007 3815 post
2020 3719 2363 3815 proelium

393 3991 410 4014 ¹
457 3978 808 4053 Zirndotfw,
845 3981 881 4038 l.
918 3981 959 4044 l.
