3034 5050
689 490 771 548 14
1184 503 1267 550 nn
1315 500 1843 551 rmeoenunuu
1891 499 2267 550 Galacum!

680 633 1028 708 beneficio
1065 634 1384 723 affectus,
1427 636 1771 707 auxilium
1823 662 2028 706 suum
2069 636 2138 705 in
2178 647 2542 729 posterum
2586 654 2751 725 pro·
2825 664 2834 667 ¹

681 748 931 819 mittit.
965 747 1161 819 Nihil
1193 749 1451 819 attinet
1485 748 1731 818 multis
1758 748 2142 844 explicare,
2173 741 2543 844 quomodo
2582 767 2751 813 cum

682 861 1014 934 universa
1075 859 1528 932 Athenarum
1570 859 1773 932 laude
1827 859 1988 958 pagi
2041 857 2338 930 Colonei
2371 911 2390 944 ,
2432 855 2544 928 cui
2600 854 2752 952 ipse

682 971 1077 1071 adscriptus
1130 989 1283 1045 erat
1306 1029 1323 1059 ,
1390 972 1678 1045 laudem
1730 988 1937 1071 poeta
1996 968 2500 1069 conjunxerit3
2552 968 2752 1065 cujus

683 1085 819 1159 loci
847 1112 1068 1173 sacra,
1097 1100 1262 1158 ante
1281 1084 1714 1182 Sophoclem
1740 1117 1775 1151 ε(
1805 1086 1922 1183 pie
1952 1083 2328 1157 observata
2352 1079 2743 1167 abincoliS,

680 1199 865 1269 sama
927 1223 1074 1270 non
1132 1199 1298 1269 item
1337 1197 1694 1270 celebrata
1753 1199 1872 1293 (v.
1931 1197 2085 1289 63)
2119 1225 2159 1264 n
2188 1249 2208 1282 ,
2250 1194 2754 1266 inclaruerunt

680 1310 1009 1406 profecto
1042 1311 1161 1382 illa
1194 1309 1576 1408 tragoedia,
1607 1326 1681 1382 et
1713 1341 1749 1379 «
1778 1308 2138 1383 nobilium
2155 1309 2335 1380 sacta
2363 1322 2532 1379 sunt
2560 1337 2596 1374 n
2634 1331 2754 1376 sa-

683 1447 1003 1494 crorum.
1065 1423 1292 1522 Magis
1339 1422 1426 1494 ad
1465 1440 1790 1495 nostram
1831 1448 1987 1494 rem
2039 1422 2308 1494 faciunt
2340 1420 2531 1492 bona
2582 1418 2746 1505 illa,

681 1533 941 1633 quibus
992 1534 1317 1634 OEdipus
1382 1539 1636 1633 hospes
1704 1533 2155 1607 Athenarum
2224 1530 2754 1630 rempublicam

680 1649 921 1719 afficit.
954 1648 1131 1741 Quae
1162 1649 1482 1720 multum
1503 1646 1853 1720 differunt
1890 1645 1980 1717 ab
2016 1647 2098 1718 iis
2124 1647 2383 1746 quaein
2409 1644 2756 1716 Eumeni-

677 1757 890 1831 dibus
912 1759 1194 1831 Orestes
1218 1762 1607 1862 pollicetur
1641 1792 1657 1832 :
1699 1761 2145 1859 Argivorum
2179 1759 2376 1831 enim
2413 1783 2541 1830 rex
2571 1758 2752 1828 ami-

677 1872 919 1944 citiam
944 1897 1240 1944 suorum
1275 1872 1492 1944 offert
1518 1888 1590 1944 et
1617 1874 2023 1945 societatem
2058 1901 2080 1959 ;
2130 1871 2458 1967 OEdipus
2493 1870 2693 1942 exsul
2726 1922 2748 1955 ‚

678 1984 957 2057 civibus
1004 1986 1144 2056 suis
1210 1986 1568 2071 infensuS,
1628 1986 2012 2058 victoriam
2057 1984 2145 2056 de
2196 1982 2562 2056 Thebanis
2606 2010 2753 2056 una

677 2123 844 2169 cum
872 2098 1205 2193 sepulcro
1248 2124 1376 2171 suo
1407 2097 1966 2172 Atheniensibus
2021 2098 2266 2169 tradit.
2311 2097 2757 2194 Conspirant

674 2207 938 2281 sabulae
968 2236 1131 2281 cum
1157 2210 1372 2282 rebus
1407 2213 1771 2283 historicis
1806 2242 1821 2280 :
1868 2238 2038 2282 nam
2067 2237 2232 2282 cum
2264 2208 2557 2309 Argivis
2585 2211 2752 2282 nul-

676 2323 834 2393 lum
890 2325 1037 2394 sere
1088 2321 1647 2394 Atheniensibus
1710 2323 1986 2396 bellum
2052 2322 2453 2394 intercessit
2488 2375 2507 2406 ‚
2584 2349 2750 2395 cum

674 2433 1040 2505 Thebanis
1101 2460 1289 2533 saepe
1321 2435 1516 2509 bello
1560 2435 2137 2524 contenderunt,
2171 2459 2551 2534 nunquam
2602 2437 2754 2508 fere

669 2572 849 2643 pace
879 2546 1267 2620 utebantur
1321 2550 1527 2621 firma
1558 2564 1632 2621 et
1664 2550 1960 2621 sincera.
1996 2551 2246 2648 Itaque
2280 2549 2354 2620 in
2390 2550 2750 2647 tragoedia

670 2684 965 2757 quoque
988 2716 1007 2749 ,
1040 2659 1451 2733 suturarum
1477 2661 1792 2734 cladium
1811 2687 2033 2735 omen
2054 2660 2424 2762 quoddam
2450 2678 2525 2733 et
2551 2663 2748 2762 quasi

670 2772 996 2867 prolusio
1018 2826 1038 2858 ‚
1079 2772 1317 2844 Creon
1346 2791 1728 2869 superatur
1765 2801 1802 2844 a
1832 2774 2107 2848 Theseo
2125 2792 2341 2873 atque
2372 2799 2461 2846 ex
2489 2773 2750 2847 Atticae

668 2881 937 2952 finibus
953 2884 1261 2980 ejicitur.
1293 2884 1470 2975 Quae
1499 2888 1747 2957 omnia
1774 2913 2002 2986 quum
2027 2887 2116 2960 ad
2147 2888 2560 2960 inimicitias
2583 2888 2754 2960 civi-

673 3008 905 3064 tatum
925 3010 1274 3091 spectent,
1305 2995 1450 3068 duo
1478 3015 1765 3071 exstant
1792 3001 1866 3072 in
1894 3000 2189 3100 OEdipo
2223 3002 2549 3074 Coloneo
2577 3001 2743 3090 loci,

666 3106 793 3203 qui
855 3108 1196 3179 universo
1232 3108 1492 3182 fabulae
1547 3113 1852 3187 consilio
1909 3113 2252 3187 videntur
2307 3138 2743 3212 repugnare.

662 3216 1120 3289 Vaticinante
1150 3221 1349 3292 enim
1384 3220 1707 3321 OEdipo,
1754 3225 1909 3299 fore
1943 3243 2026 3299 ut
2060 3228 2132 3299 in
2185 3225 2447 3299 Atticae
2484 3224 2748 3299 finibus

661 3327 864 3400 clade
887 3330 1292 3405 afficiantur
1316 3334 1644 3408 Thebani
1681 3350 1790 3436 (v.
1813 3341 1986 3427 605,
2015 3342 2240 3440 sqq),
2270 3339 2748 3412 mirabundus

661 3438 973 3512 Theseus
992 3468 1078 3513 ex
1095 3468 1184 3516 eo
1209 3448 1502 3543 quaerit,
1538 3450 1910 3548 quomodo
1927 3454 2118 3524 inter
2141 3454 2404 3525 amicas
2425 3454 2748 3525 civitates

655 3547 941 3622 dissidia
996 3559 1186 3626 nasci
1253 3561 1557 3655 possint.
1617 3562 1730 3634 Ad
1778 3589 1943 3663 quae
1984 3564 2313 3662 OEdipus
2357 3566 2747 3664 respondet

658 3659 844 3732 nihil
872 3679 1016 3734 tam
1044 3690 1196 3738 esse
1223 3668 1523 3743 firmum
1560 3691 1634 3745 et
1667 3679 2164 3775 conjunctum,
2197 3678 2395 3777 quod
2422 3704 2579 3752 non
2603 3679 2744 3751 dis-

654 3771 978 3844 solvatur
1001 3783 1353 3874 temporis
1387 3790 1714 3878 potentia
1732 3817 1754 3877 3
1789 3790 2029 3887 itaque
2062 3793 2390 3862 futurum
2422 3816 2571 3863 esse
2609 3820 2745 3865 an-

658 3907 922 3954 norum
947 3885 1256 3960 decursu
1285 3946 1304 3977 ‚
1342 3913 1421 3965 ut
1461 3899 1855 3973 concordia
1911 3904 2029 3974 illa
2064 3920 2135 3975 et
2173 3904 2471 3978 societas
2508 3904 2744 4002 gladio
