3034 5050
678 488 760 545 Μ
1167 499 1253 546 ΒΕ
1299 499 1822 547 TRAGOEDIARUM
1865 498 2245 547 GRAECARUM
2301 506 2348 535 '-

676 628 1077 703 rationibus
1137 631 1452 727 permoti
1505 629 1910 702 Boeckhius
1958 646 2029 701 et
2082 630 2518 702 Suevernius
2554 643 2568 667 ¹
2622 630 2739 699 Ol.

674 742 1070 815 LXXXIX
1102 743 1425 831 exeunti,
1465 743 1581 814 vel
1630 743 1900 815 ineunti
1927 742 2099 832 XC,
2141 740 2508 839 OEdipum
2533 740 2738 814 Colo-

674 881 893 929 neum
917 857 1396 954 assignarunt.
1418 856 1589 928 Haec
1609 854 1766 928 ideo
1786 856 2069 954 longius
2093 856 2413 953 exposui,
2437 869 2519 925 ut
2537 854 2778 927 intel-⁸

673 970 940 1070 ligatur
988 996 1208 1069 quam
1252 969 1618 1041 lubricum
1658 970 1750 1041 sit
1799 995 1887 1041 ex
1921 954 2374 1071 argumento
2427 967 2691 1039 sabulae
2715 1022 2737 1056 ,

672 1085 944 1156 etiamsi
974 1083 1158 1155 haud
1182 1082 1398 1155 dubie
1424 1099 1696 1181 spectet
1725 1081 1814 1154 ad
1844 1106 1955 1154 res
1986 1081 2334 1180 publicaS‚
2364 1080 2454 1153 de
2479 1079 2741 1154 fabulae

678 1212 1001 1295 tempore
1012 1199 1499 1296 conjecturam
1517 1197 1772 1269 facere.
1794 1196 1967 1290 Quis
1987 1196 2182 1267 enim
2205 1222 2291 1267 ex
2308 1211 2741 1295 argumento

673 1309 938 1408 OEdipi
971 1311 1269 1383 Colonei
1306 1311 1680 1396 effecisset,
1713 1333 1871 1381 eam
1908 1294 2055 1381 esse
2089 1308 2576 1406 conscriptam
2601 1307 2739 1380 sub

673 1422 891 1497 finem
942 1422 1112 1496 belli
1149 1424 1734 1522 Peloponnesiaci
1767 1478 1787 1511 ,
1833 1424 1967 1494 nisi
2005 1439 2114 1495 tot
2154 1439 2442 1521 tamque
2473 1420 2735 1494 diserta

672 1535 1030 1636 hujus.rei
1096 1537 1495 1608 testimonia
1549 1551 1938 1608 exstarent.
1984 1535 2262 1629 Quibus
2304 1533 2589 1607 difficile
2632 1549 2741 1606 est

623 1690 630 1696 ·
674 1648 887 1722 fidem
911 1649 1291 1750 denegare.
1322 1650 1507 1722 Nam
1535 1650 1624 1722 de
1651 1649 2187 1721 narratiuncula
2221 1648 2738 1721 illa-notissima

671 1778 752 1834 ut
779 1762 1169 1835 concedam
1191 1765 1354 1862 jure
1387 1790 1517 1836 suo
1544 1762 1900 1835 dubitasse
1929 1764 2122 1835 viros
2155 1761 2410 1834 doctos
2434 1815 2455 1850 ‚
2497 1759 2735 1860 quoad

666 1875 954 1949 aliunde
965 1902 1116 1949 non
1135 1876 1503 1949 accederet
1517 1876 2001 1963 confirmatio,
2028 1904 2075 1948 n
2086 1902 2226 1946 unc
2252 1891 2490 1946 tamen
2509 1899 2737 1973 quum

671 2005 948 2069 constet
974 2005 1136 2085 post
1163 2007 1475 2063 mortem
1499 2006 1733 2088 poetae
1760 2016 1796 2059 a
1824 1989 2116 2087 juniore
2143 1986 2499 2085 Sophocle
2522 1985 2735 2058 sabu-

672 2103 819 2174 lam
865 2100 1132 2175 editam
1167 2127 1313 2176 esse
1345 2108 1375 2202 (
1398 2103 1644 2176 Schol.
1698 2101 1859 2176 cod.
1900 2102 2225 2174 Florent.
2252 2105 2319 2194 ),
2374 2118 2521 2172 tam
2568 2115 2735 2197 apte

670 2214 825 2287 haec
879 2240 1048 2286 cum
1099 2214 1257 2291 illis,
1278 2215 1677 2289 concinunt
1693 2232 1737 2303 ,’
1772 2231 1851 2285 ut
1888 2231 1959 2286 et
2014 2214 2311 2286 illorum
2362 2211 2530 2284 inde
2561 2211 2735 2285 fides

670 2344 1035 2426 augeatur.
1076 2325 1500 2399 Absolvitur
1552 2351 1727 2399 vero
1787 2352 1901 2398 res
1923 2380 1943 2415 ,
1995 2324 2192 2425 quod
2231 2326 2513 2422 'optime
2558 2351 2734 2419 per-

669 2441 899 2539 spexit
939 2438 1390 2524 WelckeruS,
1423 2438 1941 2537 epigrammate
1987 2438 2057 2509 in
2105 2436 2481 2536 Sophoclis
2508 2437 2734 2510 hono-

670 2581 824 2627 rem
861 2553 953 2624 ab
984 2552 1353 2650 Jophonte
1379 2551 1530 2625 filio
1566 2554 2022 2650 conscripto,
2065 2554 2264 2651 cujus
2297 2552 2731 2625 sententiam

668 2667 994 2740 Valerius
1019 2668 1371 2740 Maximus
1401 2669 1432 2765 (
1458 2667 1623 2740 Vlll
1646 2721 1663 2752 ‚
1704 2673 1779 2755 7,
1817 2684 1965 2739 ext.
2010 2668 2158 2764 12)
2215 2667 2454 2738 latinis
2484 2665 2725 2739 verbis

665 2781 1035 2878 expressit.
1090 2779 1187 2851 At
1224 2806 1447 2879 quum
1487 2780 1758 2851 ultimis
1807 2778 1980 2852 belli
2032 2783 2239 2853 annis
2289 2781 2725 2856 acerrimum

664 2893 870 2966 fuisse
920 2891 1470 2964 Atheniensium
1517 2893 1593 2964 in
1629 2891 2011 2967 Thebanos
2060 2891 2306 2966 odium
2358 2911 2727 2968 consenta-

665 3031 877 3078 neum
917 3006 1050 3092 sit,
1086 3022 1407 3103 superest
1438 3022 1518 3077 ut
1560 3007 1999 3105 explicemus
2038 3033 2168 3080 cur
2205 3035 2244 3078 a
2272 3006 2548 3081 Theseo
2582 3007 2724 3080 So-

663 3119 968 3218 phocleo
1000 3118 1324 3191 Thebani
1362 3118 1897 3193 collaudentur.
1932 3119 2169 3221 Atque
2209 3122 2282 3192 in
2321 3121 2560 3218 primo
2596 3121 2724 3192 illo

664 3235 885 3329 loco(
921 3262 993 3305 v.
1037 3236 1177 3307 605
1212 3234 1589 3333 )equidem
1623 3261 1770 3309 non
1804 3234 2099 3309 offendo
2138 3266 2153 3307 ε
2184 3261 2354 3307 nam
2377 3236 2430 3306 si
2468 3235 2724 3307 amici-

664 3350 757 3420 tia
784 3349 962 3422 olim
989 3374 1154 3419 cum
1183 3346 1739 3420 Atheniensibus
1772 3351 2139 3448 conjuncti
2170 3350 2403 3421 levem
2428 3348 2527 3421 ob
2546 3375 2721 3421 cau-

657 3487 805 3532 sam
832 3459 1065 3533 foedus
1092 3462 1456 3534 violarunt
1474 3516 1496 3551 ‚
1521 3464 1753 3561 maJor
1776 3462 1938 3535 inde
1962 3462 2325 3536 Thebanis
2359 3461 2722 3536 conflatur

658 3572 948 3643 invidia.
999 3573 1161 3643 Jam
1186 3574 1485 3665 verofsi
1522 3575 1747 3647 amice
1779 3591 1953 3648 tunc
2001 3573 2311 3673 agebant
2351 3577 2712 3665 civitateS‚

743 3759 759 3782 ¹
805 3748 1019 3829 Reisig.
1071 3750 1384 3807 Enarratio
1432 3751 1657 3832 OEdip.
1705 3753 1934 3821 Colon.,
1977 3775 2036 3831 p.
2098 3776 2150 3812 v,
2208 3754 2541 3812 Lachmann
2596 3756 2655 3812 in
2693 3779 2708 3812 z

654 3844 969 3905 Niebuhr's
998 3845 1202 3904 Rhet'n.
1235 3847 1538 3916 Muscam,
1586 3871 1644 3928 p.
1682 3849 1824 3908 313.
1863 3848 2094 3908 Boeckh.
2130 3849 2369 3910 Prooem.
2398 3852 2520 3908 ind.
2556 3853 2708 3909 lectt.

655 3942 843 4001 Berol.
877 3957 1004 4001 αττ.
1042 3943 1217 4003 1826.
1246 3943 1499 4003 Sncvcrn
1531 3947 1589 4003 in
1625 3948 1763 4004 Act.
1802 3947 1997 4007 Acad.
2034 3948 2223 4006 Berol.
2261 3950 2441 4026 1828,
2477 3973 2533 4028 p.
2573 3952 2667 4008 15.
