3034 5050
655 484 694 542 8
1142 494 1226 540 DE
1273 491 1797 541 ruAcossmAnuM
1845 491 2232 542 GnAECAnum-

657 626 1047 723 Copreum,
1082 624 1397 722 legatum
1432 623 1526 694 ab
1566 624 1972 723 Eurystheo
2002 625 2299 695 missum
2343 618 2433 694 ad
2472 623 2721 694 Hera-

651 739 892 811 clidas
927 736 1380 836 repetend05‚
1408 738 1731 836 neglecta
1764 738 2115 836 religione
2136 735 2225 808 ab
2252 735 2717 808 Atheniensi-

657 854 792 926 bus
856 853 1312 926 interfectum
1382 878 1527 925 esse
1597 855 1629 952 (
1646 855 1988 928 Philostr.
2060 855 2142 923 V
2136 856 2218 925 it.
2272 852 2587 953 Sophist.
2652 854 2711 922 Ι.

648 996 724 1066 p.
770 968 985 1065 550),
1019 992 1176 1040 non
1219 967 1455 1039 solum
1507 969 1846 1067 purgavit
1881 966 2264 1065 Euripides
2315 967 2499 1038 cives
2553 991 2717 1039 suos

647 1081 786 1154 hoc
823 1081 1126 1153 crimine
1155 1132 1175 1165 ,
1214 1078 1589 1177 sedetiam
1632 1081 2009 1154 ostendere
2049 1080 2322 1152 studuit
2346 1078 2713 1179 quomodo

645 1195 980 1266 exsistere
1002 1192 1323 1288 potuerit
1342 1176 1691 1290 ejusmodi
1728 1221 2011 1267 rumor.
2044 1191 2471 1290 Demophon
2510 1192 2707 1263 enim

648 1306 838 1403 apud
878 1305 1333 1403 Euripidem,
1377 1333 1678 1379 manum
1716 1309 1863 1407 jam
1905 1309 2291 1407 injecturus
2341 1306 2603 1405 legam,
2664 1333 2704 1376 a

654 1418 899 1492 Choro
933 1419 1291 1491 retinetur
1323 1421 1794 1509 (Herceclid.‚
1836 1449 1903 1493 v,
1940 1426 2068 1494 274
2095 1421 2127 1518 )
2154 1451 2176 1510 3
2216 1420 2533 1516 Copreus
2567 1417 2708 1489 sal·-

644 1558 776 1603 vus
819 1531 907 1603 ad
942 1557 1105 1604 suos
1150 1530 1383 1619 redit;
1436 1531 1717 1605 Chorus
1754 1550 1992 1606 autem
2040 1531 2381 1605 omnihus
2434 1533 2533 1603 ait
2564 1530 2703 1603 hoc

643 1646 904 1717 vitium
936 1670 1082 1717 esse
1112 1643 1569 1742 praeconibus
1596 1701 1614 1732 ,
1645 1662 1725 1716 ut
1751 1647 1822 1717 in
1844 1648 2071 1746 majus
2095 1671 2208 1717 res
2235 1660 2696 1744 exaggerent,

644 1775 715 1830 et
748 1759 1110 1856 Copreum
1146 1783 1434 1857 quoque
1466 1759 1560 1830 ita
1598 1785 1757 1853 rem
1789 1777 2255 1832 narraturum
2291 1783 2467 1848 esse,
2504 1758 2699 1857 quasi

646 1871 870 1943 multa
916 1870 1380 1944 incommoda
1415 1873 1478 1944 ei
1513 1873 1907 1946 acciderint
1954 1891 2167 1972 atque
2210 1874 2329 1944 vix
2366 1871 2701 1970 effugerit

646 2010 927 2058 necem.
958 1984 1170 2078 Quod
1192 1985 1308 2058 hic
1347 1986 1417 2057 in
1449 1985 1715 2058 'fabulae
1747 2004 1989 2085 parte,
2030 1988 2200 2058 alias
2248 1988 2321 2057 in
2368 1985 2698 2056 universa

641 2097 876 2169 'fabula
897 2098 1166 2170 factum
1199 2124 1344 2171 esse
1380 2099 1729 2171 videmus·
1756 2105 2022 2173 Jonem
2047 2101 2241 2172 enim
2273 2124 2501 2198 quum
2527 2097 2706 2169 ede-

645 2225 760 2283 ret
794 2210 1222 2308 EuripideS,
1262 2213 1400 2284 hoc
1425 2212 1562 2283 sibi
1596 2196 1879 2284 videtur
1907 2212 2358 2310 proposuisse
2383 2266 2402 2297 ‚
2438 2227 2518 2282 ut
2558 2209 2701 2282 du-

646 2348 804 2397 cem
828 2324 1038 2395 illum
1073 2322 1620 2397 Atheniensium
1645 2323 1940 2397 doceret
1962 2350 2111 2397 non
2148 2323 2378 2395 Xuthi
2408 2322 2701 2395 advenae

646 2436 879 2509 filium
902 2437 1110 2509 fuisse
1130 2491 1151 2527 ‚
1183 2447 1351 2511 νόθον
1378 2494 1397 2526 ,
1444 2454 1523 2509 ut
1566 2437 1817 2510 Graeca
1856 2463 2032 2511 voce
2075 2453 2263 2524 utar,
2304 2436 2425 2509 sed
2452 2463 2703 2509 verum

642 2568 715 2623 et
756 2552 1156 2649 genuinum
1192 2550 1739 2640 Atheniensem,
1783 2570 2011 2625 matre
2036 2569 2289 2624 natum
2317 2551 2703 2624 Erechthei

643 2663 785 2734 filia
814 2719 834 2751 ‚
915 2680 1121 2761 patre
1186 2662 1436 2737 divino
1493 2682 1543 2736 ¹.
1599 2664 1870 2737 Callicle
1930 2683 2171 2737 autem
2247 2666 2340 2736 ita
2400 2665 2709 2736 instituit

643 2800 803 2848 rem
826 2831 848 2864 ‚
887 2792 969 2847 ut
999 2774 1292 2847 Xuthus
1318 2803 1529 2847 suum
1578 2801 1723 2847 esse
1758 2777 1986 2849 filium
2031 2779 2294 2849 Jonem
2326 2775 2651 2849 crederet
2679 2808 2695 2846 ε

643 2890 881 2988 itaque
913 2888 1161 2959 eadem
1181 2886 1417 2959 fabula
1443 2904 1518 2959 et
1544 2887 2001 2961 confirmavit
2034 2917 2193 2986 eam
2214 2890 2500 2981 famam,
2535 2915 2698 2989 quae

641 3000 729 3072 ad
753 3002 1006 3098 patriae
1042 3001 1352 3099 gloriam
1382 3002 1609 3099 magis
1642 3019 1821 3074 esset
1857 3002 2138 3093 idonea,
2164 3021 2236 3077 et
2254 3004 2545 3076 alterius
2574 3031 2649 3075 ra
2669 3048 2691 3058 -

643 3115 916 3187 tionem
934 3113 1248 3186 reddidit
1276 3113 1760 3212 probabilem.
1786 3115 1972 3189 Illud
1992 3143 2159 3189 sane
2186 3118 2691 3215 reprehendaS,

640 3225 837 3325 quod
867 3227 1113 3298 fraude
1148 3228 1378 3298 utitur
1421 3226 1734 3325 Apollo,
1763 3255 1939 3328 quae
1982 3256 2209 3329 quum
2240 3231 2544 3304 omuino
2594 3232 2698 3303 in-

638 3340 853 3438 digna
893 3341 984 3411 sit
1010 3338 1145 3412 deo
1172 3396 1190 3426 ‚
1239 3356 1396 3411 tum
1430 3340 1848 3437 Apollinem
1882 3343 2178 3414 minime
2218 3341 2464 3430 decet,
2495 3344 2696 3417 Jovis

639 3452 856 3549 ipsius
912 3455 1382 3551 interpretem
1404 3506 1423 3538 ,
1464 3456 1587 3553 qui
1614 3479 1780 3526 vera
1810 3472 2026 3555 atque
2049 3457 2323 3528 sincera
2352 3481 2686 3554 responsa

638 3565 1065 3637 mortalibus
1103 3566 1316 3637 edere
1359 3565 1814 3640 credebatur.
1881 3567 2019 3640 Sed
2082 3570 2245 3641 talia
2311 3569 2490 3641 nihil
2541 3597 2694 3644 mo-

638 3676 936 3749 rabatur
987 3678 1363 3775 Euripides
1389 3734 1407 3765 ,
1468 3679 1643 3778 quin
1703 3682 1924 3754 immo
1985 3681 2224 3754 dedita
2284 3707 2503 3781 opera
2571 3709 2693 3757 ex-

726 3916 742 3939 ¹
793 3905 865 3961 V.
899 3905 1159 3974 Mueller,
1195 3905 1420 3974 Dorier,
1456 3906 1480 3963 Ι
1508 3951 1523 3979 ,
1555 3932 1615 3987 p.
1647 3908 1788 3968 246.
