3034 5050
700 484 781 539 32
1190 489 1271 536 ΒΕ
1318 488 1838 536 TRAGOEmAmJM
1888 486 2264 536 GRAECARUM

699 624 971 695 tionem
1011 621 1236 720 injicit
1272 619 1832 692 Atheniensibus
1876 636 2193 720 gratam,
2232 646 2461 718 quum
2511 620 2752 716 paullo

694 752 856 835 post
936 733 1315 807 victoriam
1369 732 1696 804 navalem
1749 759 1786 803 a
1846 732 2287 805 Phormione
2341 731 2429 802 ad
2486 732 2751 804 Rhium

693 865 974 948 partam
1012 846 1171 944 (Ol.
1216 846 1665 921 LXXXVII.
1704 848 1803 944 4)
1838 844 2074 918 sabula
2119 861 2274 918 acta
2326 870 2471 917 esse
2505 844 2755 917 videa·-

697 980 813 1035 tur
850 978 900 1032 ¹.
940 960 1116 1054 Quae
1170 977 1406 1032 tamen
1461 963 1872 1059 conjectura
1927 986 2078 1033 non
2116 961 2189 1031 in
2226 958 2367 1031 hoc
2401 983 2551 1030 uno
2592 960 2751 1032 loco

697 1076 959 1147 nititur
985 1131 1006 1165 ,
1063 1072 1182 1146 sed
1236 1075 1307 1144 in
1347 1061 1829 1172 descriptione
1874 1073 2398 1146 accuratissima
2435 1072 2752 1169 porticus

693 1176 1057 1287 Delphicae
1109 1204 1467 1287 stoaeque,
1534 1215 1750 1287 quam
1803 1212 1890 1259 ex
1954 1187 2142 1258 illius
2201 1212 2462 1285 pugnae
2511 1186 2752 1284 praeda

692 1302 989 1400 Delphis
1045 1301 1518 1374 Athenienses
1570 1301 2009 1375 aedificarant
2066 1304 2183 1400 (v.
2226 1305 2367 1377 484
2417 1328 2576 1401 sqq.
2640 1302 2746 1373 Cf.

640 1486 667 1516 ⁹
692 1418 990 1489 Pausan.
1031 1417 1132 1487 X.
1172 1423 1289 1490 Μ.
1325 1417 1430 1515 5).
1469 1419 1552 1487 In
1587 1417 2030 1504 Troadc'buS,
2060 1443 2222 1517 quae
2262 1434 2433 1489 teste
2465 1417 2753 1488 AEliano

694 1531 801 1604 Ol.
836 1531 998 1603 XCI
1011 1586 1027 1602 .
1072 1538 1140 1604 4.
1181 1530 1388 1603 docta
1424 1548 1567 1619 est,
1602 1531 1900 1628 captivae
1931 1532 2263 1604 mulieres
2299 1546 2689 1629 precantur
2714 1558 2752 1601 a

692 1644 826 1716 diis
864 1644 1393 1717 immortalibus
1420 1647 1522 1742 (v.
1562 1650 1705 1718 210
1752 1648 1949 1744 sqq.)
1971 1700 1992 1733 ,
2043 1672 2131 1718 ne
2167 1644 2253 1717 ad
2285 1672 2567 1719 exosam
2594 1646 2753 1718 En-

644 1833 649 1837 ,
691 1773 873 1830 rotae
901 1759 1137 1855 ripam
1164 1757 1703 1847 abstrahantur,
1734 1758 1855 1831 sed
1884 1759 2201 1831 Athenas
2224 1761 2487 1857 potiuS,
2522 1761 2637 1830 vel
2678 1761 2750 1830 in

691 1871 1196 1961 Thessalorum
1244 1886 1555 1960 terram,
1604 1873 1726 1970 qui
1766 1873 2037 1944 scilicet
2076 1872 2626 1970 Atheniensium
2678 1873 2748 1943 in

624 2056 649 2087 Ο
689 1985 889 2060 bello
942 1978 1550 2082 Peloponnesiaco
1592 2001 1801 2056 erant
1842 1987 2058 2072 socii,
2115 1986 2225 2056 vel
2275 1986 2347 2057 in
2385 1986 2701 2058 Siciliam
2728 2042 2746 2075 ,

691 2125 908 2197 quam
931 2114 1088 2169 tum
1128 2098 1202 2169 in
1223 2096 1573 2171 ditionem
1602 2124 1674 2171 se
1702 2097 2118 2171 redacturos
2145 2124 2289 2171 esse
2330 2097 2743 2197 sperabant,

690 2213 802 2285 vel
838 2214 909 2284 in
938 2212 1212 2283 Italiam
1231 2265 1251 2299 ,
1288 2211 1410 2282 ubi
1441 2211 1698 2282 Thurii
1724 2229 1932 2283 erant
1960 2212 2410 2284 Athenarum
2440 2213 2747 2286 colonia.

690 2325 1107 2414 Hecubam,
1142 2349 1355 2422 quam
1381 2339 1548 2395 ante
1575 2323 1888 2396 Troades
1907 2322 2175 2396 editam
2205 2337 2351 2396 e'sse
2370 2351 2458 2396 ex
2490 2327 2752 2396 utrius-

652 2465 830 2540 ·que
880 2437 1140 2509 fabulae
1198 2435 1670 2535 dispositione
1722 2438 1926 2510 facile
1985 2437 2369 2536 perspicias
2406 2437 2750 2536 ²,Olym-

688 2552 914 2650 piadis
966 2550 1420 2626 LXXXVIII
1475 2577 1668 2624 anno
1731 2551 1947 2624 tertio
2008 2576 2153 2624 esse
2222 2553 2744 2640 recentiorem,

686 2668 1009 2763 primum
1064 2663 1270 2736 chori
1320 2667 1682 2736 canticum
1718 2662 2156 2739 documento
2208 2681 2338 2736 est.
2394 2664 2750 2738 Laudatur

686 2781 881 2851 enim
917 2778 1035 2849 ibi·
1059 2778 1274 2849 Delos
1309 2778 1533 2849 insula
1556 2833 1577 2866 ,
1635 2780 1763 2850 illo
1795 2805 1991 2854 anno
2043 2777 2134 2850 ab
2188 2777 2748 2872 Atheniensibus

685 2892 959 2988 expiata
987 2943 1007 2977 ,
1044 2907 1115 2963 et
1152 2905 1514 2963 certamen
1548 2892 1929 2979 musicum,
1971 2893 2227 2966 eodem
2260 2911 2587 2992 tempore
2623 2920 2747 2968 re-

682 3006 1014 3076 stitutum
1047 3003 1320 3104 (thuc.
1358 3007 1484 3104 111.
1547 3010 1684 3079 404
1707 3008 1768 3104 ).
1812 3006 2051 3106 Atque
2087 3006 2371 3079 videtur
2405 3007 2614 3107 hujus
2642 3013 2743 3082 rei
2776 3037 2781 3042 ·
2813 3021 2828 3028 “

681 3117 1280 3191 commemoratio
1313 3119 1710 3218 gratissima
1743 3121 1951 3193 fuisse
2008 3120 2604 3207 Atheniensibus,
2667 3142 2751 3195 ut

628 3296 638 3304 .
683 3259 846 3332 quae
870 3231 1119 3303 iterata
1146 3231 1240 3303 sit
1263 3247 1417 3303 tum
1444 3233 1519 3305 in
1556 3234 1873 3306 Hercule
1870 3229 2185 3332 fiarente
2202 3237 2305 3331 (v.
2338 3236 2481 3308 687
2510 3238 2740 3336 sqq.),

695 3496 699 3501 .
767 3451 785 3476 ¹
839 3439 1073 3499 Boeekh.
1108 3440 1232 3497 Des
1264 3439 1591 3522 Sophokles
1620 3443 1908 3522 Antigone
1948 3442 2281 3502 Grieclu‘sck
2312 3445 2434 3502 und
2462 3445 2738 3506 Deutscli.

686 3535 883 3595 Berlin
910 3586 926 3614 ‚
965 3536 1145 3601 1843.
1184 3537 1258 3596 ad
1286 3561 1338 3597 v.
1373 3540 1553 3599 1035.
1582 3539 1766 3598 Groec.
1799 3554 1945 3620 trag.
1970 3542 2157 3624 princ.
2193 3564 2249 3621 p.
2281 3544 2418 3602 192.

765 3642 787 3667 ²
832 3632 923 3690 Ex
956 3633 1211 3694 Nubium
1250 3656 1418 3694 versu
1468 3638 1626 3698 1165
1650 3681 1664 3709 ,
1697 3636 1772 3695 ad
1805 3637 2061 3696 Hecubae
2100 3660 2158 3696 v.
2199 3641 2349 3712 172,
2390 3653 2453 3698 ut
2485 3641 2739 3714 videtur,

675 3731 1053 3810 respiciente,
1102 3732 1249 3790 nihil
1286 3736 1425 3793 certi
1471 3735 1745 3816 colligas,
1790 3758 1968 3815 quum
2010 3735 2203 3795 Nubes
2246 3737 2318 3796 ab
2353 3739 2738 3819 Aristophane

676 3841 1037 3888 retractatam
1068 3850 1189 3888 esse
1212 3845 1450 3890 constet.
1484 3832 1559 3891 V.
1590 3833 1800 3914 Egger,
1850 3834 1934 3891 De
1972 3834 2030 3891 la
2064 3833 2357 3893 deuxieme
2388 3836 2600 3895 edition
2635 3839 2738 3897 des

676 3927 873 3985 Nue‘es
906 3927 961 3984 (θ’
965 3926 1372 4009 Aristophane.
1409 3931 1587 4004 Paris,
1628 3931 1801 3992 1843.
