3034 5050
704 506 839 554 CUM
885 506 1092 554 REBUS
1138 504 1437 555 PUBLICIS
1481 505 2000 558 coNJUNcT-IONE.
2346 501 2381 554 9

328 635 734 736 cogitabat,
769 653 850 708 ut
894 637 1068 709 deos
1119 638 1278 711 illos
1316 640 1697 737 populares
1725 695 1744 728 ,
1780 638 2075 739 quibuS,
2130 666 2385 740 aequa-

325 751 501 822 lium
529 752 908 847 opiniones
940 768 1245 835 secutuS,
1280 753 1351 823 in
1382 752 1638 824 fabulis
1665 755 1807 825 suis
1825 754 2187 841 utebatur,
2225 779 2387 827 eos-

325 863 490 935 dem
533 880 717 936 tecte
760 864 1031 938 rideret
1076 881 1149 936 et
1182 866 1480 961 injustos
1509 890 1656 938 esse
1692 865 2221 939 demonstraret
2260 867 2379 964 (ef.

327 977 642 1078 Hippol.
688 1004 804 1048 vv.
847 984 919 1066 7,
971 982 1094 1066 47,
1148 1006 1308 1078 sqq.
1374 978 1605 1052 Orest.
1646 1006 1768 1052 vv.
1799 983 1971 1071 417,
2005 1008 2164 1080 sqq.
2207 981 2377 1054 955.

323 1090 602 1161 Electra
640 1117 761 1161 vv.
817 1092 1045 1180 4246,
1097 1094 1346 1188 4302).
1401 1092 1779 1165 Interdum
1810 1092 2135 1165 videmus
2164 1095 2246 1165 iis
2276 1093 2386 1166 fa-

323 1202 540 1290 bulis,
567 1229 728 1302 quae
752 1202 936 1274 nihil
958 1205 1329 1301 pertinent
1349 1203 1437 1276 ad
1464 1205 1807 1297 AthenaS,
1832 1205 2077 1277 inferri
2109 1206 2387 1279 Atticos

323 1313 602 1387 heroes.
630 1317 857 1414 Hujus
881 1317 1164 1414 generis
1190 1334 1321 1405 est,
1351 1317 1547 1417 quod
1585 1319 1661 1390 in
1688 1320 1957 1390 Medea
1983 1319 2247 1418 AEgeus
2269 1320 2384 1391 fe-

320 1430 539 1500 minae
565 1429 847 1500 miserae
869 1444 940 1500 et
976 1456 1013 1498 a
1049 1430 1400 1526 proximis
1428 1432 1570 1501 suis
1604 1432 1863 1530 injuria
1900 1432 2176 1503 affectae
2211 1431 2384 1504 hos-

322 1544 581 1639 pitium
638 1542 1131 1640 auxiliumque
1183 1544 1599 1640 pollicetur,
1641 1543 1729 1615 acl
1784 1542 2093 1615 fabulam
2162 1545 2386 1642 ipsam

324 1656 562 1726 minus
613 1655 988 1729 commode
1044 1668 1091 1745 ¹,
1141 1655 1228 1727 ad
1293 1655 1745 1729 Athenarum
1808 1658 2113 1757 gloriam
2157 1683 2385 1757 appo-

322 1769 480 1839 site.
507 1769 855 1841 Similiter
885 1771 955 1840 in
982 1771 1303 1842 Hercule
1309 1766 1621 1869 furente
1649 1768 1958 1842 Theseus
1986 1770 2378 1859 inducitur,

321 1907 471 1953 non
515 1881 801 1954 *feminae
843 1882 1158 1970 ille„sed
1198 1882 1472 1956 Alcidae
1518 1884 1648 1981 ipsi
1685 1884 2033 1955 auxilium
2076 1883 2375 1956 laturus.

324 1993 598 2087 Quibus
632 1994 793 2066 addi
833 2012 1067 2093 potest
1090 2052 1111 2086 ,
1144 1998 1267 2096 qui
1303 2025 1338 2067 a
1380 1996 1735 2095 Sophocle
1774 2013 1880 2070 est
1908 1998 1982 2067 in
2012 1997 2377 2070 Electram

326 2107 600 2195 illatuS,
660 2108 1052 2179 modestius
1124 2108 1413 2207 quidem
1438 2163 1459 2198 ,
1542 2108 1731 2181 haud
1795 2109 2076 2208 ingrate
2135 2125 2376 2182 tamen

319 2217 878 2291 Atheniensibus
904 2276 924 2306 ‚
964 2222 1208 2319 auriga
1247 2222 1367 2292 ille
1406 2221 1897 2311 AtheniensiS‚
1952 2223 2269 2320 prudens
2305 2239 2378 2295 et

318 2333 594 2428 peritus
615 2386 636 2421 ,
672 2332 1140 2430 Pythicorum
1173 2335 1653 2406 certaminum
1679 2337 1942 2408 victor.

418 2445 576 2516 Alia
634 2462 742 2518 est
809 2448 996 2519 ratio
1032 2472 1286 2519 eorum
1335 2465 1937 2548 argumentorum
1995 2450 2069 2518 in
2122 2446 2382 2547 quibus

312 2559 719 2633 futurarum
767 2585 1016 2633 rerum
1055 2562 1165 2634 vel
1225 2563 1491 2634 semina
1529 2562 1639 2631 vel
1694 2562 2013 2659 exempla
2060 2563 2373 2659 conspici

320 2674 525 2759 licet,
570 2690 649 2745 ut
682 2671 878 2773 quasi
919 2675 1308 2771 pervadere
1352 2672 1737 2745 videantur
1782 2700 1911 2772 per
1960 2692 2374 2772 temporum

317 2788 569 2885 spatia,
610 2802 683 2859 et
717 2804 1145 2860 eventorum
1182 2789 1690 2886 consequentia
1736 2813 1957 2887 usque
2006 2787 2091 2859 ad
2140 2805 2374 2886 poetae

317 2915 600 2971 aetatem
629 2901 1024 2997 pertinere.
1057 2901 1214 2973 Huc
1247 2900 1508 2972 referas
1541 2900 1856 2998 AEschyli
1892 2904 1968 2974 E
1973 2903 2370 2989 ummzkiex,

317 3014 709 3085 arctissime
768 3015 1228 3113 conjunctam
1311 3041 1480 3086 cum
1562 3014 1907 3087 institutis
1975 3017 2367 3114 sacrisque,

315 3152 504 3224 quae,
533 3125 707 3198 dum
733 3126 1190 3200 Athenarum
1217 3153 1329 3200 res
1357 3126 1645 3225 publica
1684 3129 1919 3215 stetit,
1952 3154 2375 3226 permanse-

314 3256 490 3311 runt
540 3256 754 3340 atque
812 3243 885 3313 in
934 3240 1213 3316 honore
1279 3241 1600 3314 fuerunt.
1672 3240 2122 3341 Dijudicatur
2180 3242 2374 3314 enim

317 3353 389 3425 in
447 3352 577 3425 hac
621 3353 854 3427 fabula
911 3356 1178 3427 Orestis
1237 3382 1437 3428 causa
1469 3410 1489 3443 ,
1531 3355 1810 3428 facinus
1877 3357 2022 3428 ausi
2060 3355 2174 3453 pie
2232 3356 2375 3427 im-

320 3468 564 3564 pium,
629 3467 797 3540 dum
843 3470 1066 3566 patris
1123 3493 1369 3540 necem
1437 3469 1722 3541 ulturus
1776 3485 2083 3540 matrem
2139 3470 2375 3542 inter-

317 3580 466 3653 ficit
489 3633 511 3668 ,
551 3597 621 3653 et
654 3580 957 3655 deorum
990 3582 1494 3680 Olympiorum
1523 3583 1727 3680 jussis
1760 3580 2264 3680 obtemperans
2299 3584 2370 3654 in

402 3847 419 3871 ¹
503 3838 574 3899 V.
639 3838 801 3898 Patin
836 3884 850 3912 2
924 3825 1148 3897 Etudes
1225 3862 1328 3897 sur
1378 3840 1462 3896 les
1540 3840 1833 3920 tragc'ques
1891 3861 2052 3918 grec-s
2080 3882 2099 3908 ,
2165 3853 2206 3896 t.
2265 3839 2321 3895 Π
2358 3883 2371 3910 ,

318 3957 372 4012 p.
408 3935 547 3992 393.
