3034 5050
678 535 765 581 m:
811 532 1013 582 annus
1061 531 1357 583 vunums
1401 534 1918 585 consunc‘none.
2246 514 2335 581 33‘

270 686 426 741 tum
485 668 556 739 in
607 669 995 768 Iphigenia
1040 668 1367 740 Taurica
1421 670 1548 765 (v.
1617 669 1806 740 4089
1845 670 2069 768 sqq.)
2138 686 2210 741 et
2253 671 2328 741 in

268 782 401 854 hac
458 780 752 880 quidem
801 779 1037 852 sabula
1106 804 1253 852 non
1318 783 1470 852 sine
1536 781 1793 855 altiore
1862 798 2095 880 poetae
2160 808 2330 856 con-

267 896 453 968 silio.
507 893 878 966 Prodeunt
923 894 1120 966 enim
1166 893 1482 993 virgines
1534 920 1832 993 graecae,
1879 893 1972 967 ab
2005 894 2330 977 hostibus

270 1009 342 1079 in
382 1006 724 1079 barbaras
761 1023 989 1078 terras
1021 1004 1443 1094 divenditae,
1483 1023 1698 1106 atque
1729 1010 2049 1082 carmine
2074 1007 2331 1082 dulcis-

268 1122 452 1195 simo
481 1120 786 1218 patriam
833 1118 1281 1207 desiderant,
1336 1134 1411 1192 et
1453 1121 1737 1194 Deliam
1785 1122 2133 1213 Dianam,
2173 1146 2327 1195 non

266 1234 612 1334 sanguine
639 1234 835 1305 illam
868 1231 1299 1333 gaudentem
1330 1234 1783 1333 victimisque
1808 1234 2134 1307 humanis
2155 1291 2175 1322 ,
2202 1232 2326 1308 sed

265 1347 506 1420 choris
536 1363 611 1420 et
633 1348 927 1419 canticis
954 1362 1027 1418 et
1053 1372 1396 1418 curruum
1425 1346 1940 1420 certaminibus
1968 1349 2070 1445 (v,
2101 1354 2128 1419 1
2156 1344 2320 1437 137,

263 1461 369 1532 cf.
410 1461 640 1534 Thue.
670 1461 723 1532 l.
764 1460 859 1557 1.)
889 1457 1348 1532 celebratam.
1376 1460 1537 1532 Jam
1573 1486 1747 1535 vero
1772 1461 1959 1533 Delii
1982 1474 2224 1533 aestate
2254 1488 2319 1533 a.

261 1578 412 1647 422
457 1573 613 1671 (Cf.
673 1572 905 1645 Thuc.
946 1571 1036 1644 V.
1082 1580 1110 1646 1
1154 1578 1178 1665 )
1247 1571 1338 1644 ab
1375 1572 1933 1647 Atheniensibus
1965 1599 2006 1646 e
2041 1573 2324 1648 sedibus

260 1689 403 1761 suis
436 1688 640 1788 ejecti
680 1687 1235 1784 Atramyttium,
1269 1687 1344 1760 in
1378 1686 1729 1804 oppidum
1756 1689 2191 1760 Persarum
2173 1716 2321 1761 im-

258 1802 465 1900 perio
499 1799 911 1887 subditum,
941 1800 1493 1889 exsulaverunt3
1527 1815 1771 1874 aestate
1799 1802 2202 1900 insequenti
2229 1801 2322 1874 ab

260 1912 511 1986 iisdem
527 1913 1112 2000 Atheniensibus,
1155 1912 1517 2011 Apollinis
1544 1915 1840 1987 oraculo
1862 1914 2198 2003 monitiS,
2242 1916 2320 1988 in

256 2028 565 2127 patriam
599 2028 906 2101 restituti
932 2043 1125 2099 sunt.
1149 2026 1376 2118 Quam
1405 2026 1505 2101 ob
1528 2053 1686 2099 rem
1710 2028 2108 2125 suspicatur
2126 2028 2320 2101 Har-

155 2232 172 2246 ⁶
258 2156 522 2240 tungus
551 2156 573 2182 ²
596 2138 883 2214 doctam
917 2162 1063 2211 esse
1088 2137 1542 2237 Iphigeniam
1567 2139 1801 2212 hieme
1830 2141 2022 2212 inter
2052 2156 2320 2214 utram-

255 2278 401 2353 que
423 2268 742 2326 aestatem
776 2252 1196 2350 interposita
1239 2253 1271 2349 (
1282 2250 1398 2324 Ol.
1435 2248 1861 2323 LXXXIX.
1898 2255 2033 2348 3),
2065 2270 2148 2325 ut
2183 2256 2316 2327 mi-

255 2388 582 2441 serorum
623 2367 1110 2465 patrocinium
1150 2365 1288 2441 hoc
1316 2368 1636 2438 carmine
1665 2369 2054 2464 susciperet
2086 2367 2316 2440 Enri-

255 2479 478 2581 pideS‚
497 2496 571 2554 et
593 2480 889 2554 oraculo
915 2478 1026 2551 dei
1058 2479 1528 2570 tummaxime
1555 2477 1749 2552 edito
1778 2478 2312 2577 suffragaretur.

253 2594 431 2688 Quae
476 2595 891 2692 conjectura
935 2607 1007 2665 et
1044 2618 1177 2692 per
1209 2618 1280 2665 se
1313 2590 1703 2664 admodum
1736 2607 1842 2664 est
1871 2589 2270 2690 probabilis
2289 2652 2309 2684 ,

252 2724 323 2780 et
357 2707 515 2779 aliis
546 2705 726 2778 mihi
759 2703 1047 2778 videtur
1080 2704 1395 2804 ejusdem
1425 2703 1688 2776 fabulae
1726 2704 1899 2778 locis
1932 2730 2313 2780 commen-

251 2819 434 2893 dari.
467 2820 653 2894 Nam
671 2841 899 2920 quum
931 2819 1058 2892 illo
1084 2821 1367 2892 cantico
1390 2817 1707 2915 virgines
1729 2813 2110 2917 Euripides
2136 2846 2313 2894 ocu-

250 2935 338 3005 lis
364 2948 850 3032 spectatorum
871 2930 1254 3032 subjecerit
1268 2930 1521 3029 patriae
1540 2928 1894 3004 desiderio
1919 2951 2309 3031 correptas,

251 3048 535 3121 cantico
558 3046 960 3145 insequenti
993 3046 1096 3142 (v.
1141 3044 1363 3142 4234)
1394 3041 1760 3140 Apollinis
1794 3042 1976 3116 Delo
2008 3046 2310 3144 profecti

248 3160 594 3259 Delphica
627 3161 916 3233 oracula
945 3156 1276 3230 laudibus
1301 3156 1625 3242 extollit,
1664 3171 1880 3256 atque
1918 3156 1991 3229 in
2026 3156 2169 3230 fine
2183 3158 2309 3230 'fa-

250 3272 440 3345 hulae
464 3280 559 3367 (v.
589 3272 841 3368 ⁴467),
872 3273 1219 3344 Minervae
1248 3295 1555 3369 persona
1582 3295 1778 3397 ususz
1802 3269 2118 3368 virgines
2155 3267 2308 3343 illas

245 3385 447 3484 jubet
486 3388 555 3458 in
585 3386 850 3484 patrias
887 3383 1084 3457 sedes
1136 3383 1455 3470 restitui,
1512 3381 1709 3480 quod
1761 3381 1835 3453 in
1879 3383 2189 3471 Helena,
2230 3383 2305 3455 in

247 3523 496 3571 rerum
530 3514 715 3572 statu
754 3497 1089 3571 fictarum
1130 3497 1538 3585 simillimo,
1586 3519 1923 3568 verarum
1970 3494 2257 3586 diverso
2281 3553 2302 3585 ‚

244 3613 475 3685 facere
509 3609 930 3710 supersedit.

348 3728 520 3798 Haec
553 3725 641 3797 de
699 3727 1028 3798 locorum
1068 3724 1785 3796 commemoratione.
1830 3721 1894 3792 A
1932 3719 2193 3819 quibus
2249 3723 2305 3792 si

337 3996 354 4020 ¹
402 3977 473 4040 L.
505 3981 735 4062 l.Il,p.
769 3979 877 4041 141
918 4004 1040 4061 sqq.
1144 4021 1149 4030 1
